timestamp, trade_timestamp,cur_price,volume,ask_bid,change_price,prev_closing_price,sid,ob_timestamp,ask_price,ask_size,bid_price,bid_size,total_ask_size,total_bid_size,ap1,bp1,as1,bs1,ap2,bp2,as2,bs2,ap3,bp3,as3,bs3,ap4,bp4,as4,bs4,ap5,bp5,as5,bs5,ap6,bp6,as6,bs6,ap7,bp7,as7,bs7,ap8,bp8,as8,bs8,ap9,bp9,as9,bs9,ap10,bp10,as10,bs10
2018-12-05 16:42:02,877, 1543995718000,4361000.0,0.00045861,ASK,-96000.0,4457000.0,1543995718000002,1543995722767,4361000.0,999999999999,4360000.0,999999999999,14.11015138,11.98431746,4361000.0,4360000.0,2.54099258,3.33704851,4362000.0,4359000.0,0.66663843,3.06999914,4364000.0,4358000.0,1.8,0.23742936,4365000.0,4357000.0,0.53213429,0.3951023,4367000.0,4356000.0,1.46524009,1.15825353,4370000.0,4355000.0,4.9985,2.83786842,4373000.0,4354000.0,0.00118844,0.00734955,4374000.0,4353000.0,2.1,0.03964851,4375000.0,4352000.0,0.0052288,0.02965521,4376000.0,4351000.0,0.00022875,0.87196293
2018-12-05 16:42:23,181, 1543995718000,4361000.0,0.00045861,ASK,-96000.0,4457000.0,1543995718000002,1543995742820,4362000.0,999999999999,4361000.0,999999999999,10.99220404,8.80828773,4362000.0,4361000.0,0.05813857,0.04281878,4363000.0,4360000.0,1.8315451,0.9342945,4365000.0,4359000.0,0.53213429,3.06999914,4366000.0,4358000.0,0.2,0.292379,4367000.0,4357000.0,1.26524009,0.3951023,4370000.0,4356000.0,4.9985,1.15825353,4373000.0,4355000.0,0.00118844,1.93786842,4374000.0,4354000.0,2.1,0.90780889,4375000.0,4353000.0,0.0052288,0.04010796,4376000.0,4352000.0,0.00022875,0.02965521
2018-12-05 16:42:24,293, 1543995743000,4360000.0,0.59468108,ASK,-97000.0,4457000.0,1543995743000002,1543995743811,4362000.0,999999999999,4360000.0,999999999999,10.99220404,9.43948421,4362000.0,4360000.0,0.05813857,0.73588717,4363000.0,4359000.0,1.8315451,3.06999914,4365000.0,4358000.0,0.53213429,0.292379,4366000.0,4357000.0,0.2,0.3951023,4367000.0,4356000.0,1.26524009,1.15825353,4370000.0,4355000.0,4.9985,1.93786842,4373000.0,4354000.0,0.00118844,0.90780889,4374000.0,4353000.0,2.1,0.04010796,4375000.0,4352000.0,0.0052288,0.02965521,4376000.0,4351000.0,0.00022875,0.87242259
2018-12-05 16:42:25,405, 1543995743000,4360000.0,0.59468108,ASK,-97000.0,4457000.0,1543995743000002,1543995744919,4362000.0,999999999999,4360000.0,999999999999,10.99220404,9.43948421,4362000.0,4360000.0,0.05813857,0.73588717,4363000.0,4359000.0,1.8315451,3.06999914,4364000.0,4358000.0,0.2,0.292379,4365000.0,4357000.0,0.53213429,0.3951023,4367000.0,4356000.0,1.26524009,1.15825353,4370000.0,4355000.0,4.9985,1.93786842,4373000.0,4354000.0,0.00118844,0.90780889,4374000.0,4353000.0,2.1,0.04010796,4375000.0,4352000.0,0.0052288,0.02965521,4376000.0,4351000.0,0.00022875,0.87242259
2018-12-05 16:42:45,574, 1543995743000,4360000.0,0.59468108,ASK,-97000.0,4457000.0,1543995743000002,1543995765331,4361000.0,999999999999,4360000.0,999999999999,12.28224953,7.98207684,4361000.0,4360000.0,1.844,0.0638056,4362000.0,4359000.0,1.53550056,3.06999914,4365000.0,4358000.0,0.53213429,0.4070532,4367000.0,4357000.0,1.26524009,0.3951023,4370000.0,4356000.0,4.9985,1.15825353,4373000.0,4355000.0,0.00118844,1.93786842,4374000.0,4354000.0,2.1,0.00780889,4375000.0,4353000.0,0.0052288,0.04010796,4376000.0,4352000.0,0.00022875,0.02965521,4379000.0,4351000.0,0.0002286,0.87242259
2018-12-05 16:42:46,694, 1543995766000,4359000.0,0.1,ASK,-98000.0,4457000.0,1543995766000000,1543995766441,4361000.0,999999999999,4359000.0,999999999999,12.31379463,24.00505032,4361000.0,4359000.0,1.8755451,0.80380474,4362000.0,4358000.0,1.53550056,0.4070532,4365000.0,4357000.0,0.53213429,0.3951023,4367000.0,4356000.0,1.26524009,1.15825353,4370000.0,4355000.0,4.9985,1.93786842,4373000.0,4354000.0,0.00118844,0.00780889,4374000.0,4353000.0,2.1,0.04010796,4375000.0,4352000.0,0.0052288,0.02965521,4376000.0,4351000.0,0.00022875,0.87242259,4379000.0,4350000.0,0.0002286,18.35297348
2018-12-05 16:42:47,802, 1543995767000,4359000.0,0.0041,ASK,-98000.0,4457000.0,1543995767000001,1543995767482,4360000.0,999999999999,4359000.0,999999999999,12.45996603,23.05675032,4360000.0,4359000.0,0.2,0.75550474,4361000.0,4358000.0,1.8219451,0.4070532,4362000.0,4357000.0,1.53550056,0.3951023,4365000.0,4356000.0,0.53213429,1.15825353,4367000.0,4355000.0,1.26524009,1.93786842,4370000.0,4354000.0,4.9985,0.00780889,4373000.0,4353000.0,0.00118844,0.04010796,4374000.0,4352000.0,2.1,0.02965521,4375000.0,4351000.0,0.0052288,0.87242259,4376000.0,4350000.0,0.00022875,17.45297348
2018-12-05 16:42:48,919, 1543995767000,4359000.0,0.35,ASK,-98000.0,4457000.0,1543995767000002,1543995768681,4357000.0,999999999999,4356000.0,999999999999,12.25040824,24.17896448,4357000.0,4356000.0,0.32843976,1.15825353,4359000.0,4355000.0,0.35786,1.93786842,4360000.0,4354000.0,1.1,0.00780889,4361000.0,4353000.0,0.0315451,0.04010796,4362000.0,4352000.0,1.53550056,0.02965521,4365000.0,4351000.0,0.53213429,0.87242259,4367000.0,4350000.0,1.26524009,17.45297348,4370000.0,4349000.0,4.9985,0.5,4373000.0,4348000.0,0.00118844,2.1698744,4374000.0,4346000.0,2.1,0.01
2018-12-05 16:42:50,025, 1543995767000,4359000.0,0.35,ASK,-98000.0,4457000.0,1543995767000002,1543995769434,4357000.0,999999999999,4356000.0,999999999999,11.64300824,24.3400351,4357000.0,4356000.0,0.32843976,0.95755353,4358000.0,4355000.0,0.5926,1.93786842,4359000.0,4354000.0,0.35786,0.00780889,4360000.0,4353000.0,2.0,0.04010796,4361000.0,4352000.0,0.0315451,0.02965521,4362000.0,4351000.0,1.53550056,0.87242259,4365000.0,4350000.0,0.53213429,17.45297348,4367000.0,4349000.0,1.26524009,0.5,4370000.0,4348000.0,4.9985,2.1698744,4373000.0,4346000.0,0.00118844,0.37177062
2018-12-05 16:42:51,150, 1543995770000,4357000.0,0.1228,BID,-100000.0,4457000.0,1543995770000000,1543995770889,4357000.0,999999999999,4356000.0,999999999999,11.65639728,23.97826448,4357000.0,4356000.0,0.1087451,0.95755353,4358000.0,4355000.0,0.5926,1.93786842,4359000.0,4354000.0,0.81726,0.00780889,4360000.0,4353000.0,1.8,0.04010796,4362000.0,4352000.0,1.53550056,0.02965521,4365000.0,4351000.0,0.53213429,0.87242259,4367000.0,4350000.0,1.26524009,17.45297348,4370000.0,4349000.0,4.9985,0.5,4373000.0,4348000.0,0.00118844,2.1698744,4375000.0,4346000.0,0.0052288,0.01
2018-12-05 16:42:52,283, 1543995771000,4357000.0,0.00453021,BID,-100000.0,4457000.0,1543995771000003,1543995772080,4358000.0,999999999999,4356000.0,999999999999,13.64765218,24.67826448,4358000.0,4356000.0,0.5926,0.75755353,4359000.0,4355000.0,0.81726,1.93786842,4360000.0,4354000.0,1.8,0.00780889,4362000.0,4353000.0,1.53550056,0.04010796,4365000.0,4352000.0,0.53213429,0.02965521,4367000.0,4351000.0,1.26524009,0.87242259,4368000.0,4350000.0,2.1,17.45297348,4370000.0,4349000.0,4.9985,0.5,4373000.0,4348000.0,0.00118844,2.1698744,4375000.0,4346000.0,0.0052288,0.91
2018-12-05 16:42:53,397, 1543995771000,4357000.0,0.00453021,BID,-100000.0,4457000.0,1543995771000003,1543995773113,4358000.0,999999999999,4356000.0,999999999999,13.64765218,24.67826448,4358000.0,4356000.0,0.5926,0.75755353,4359000.0,4355000.0,0.81726,1.93786842,4360000.0,4354000.0,1.8,0.00780889,4362000.0,4353000.0,1.53550056,0.04010796,4365000.0,4352000.0,0.53213429,0.02965521,4367000.0,4351000.0,1.26524009,0.87242259,4368000.0,4350000.0,2.1,17.45297348,4370000.0,4349000.0,4.9985,0.5,4373000.0,4348000.0,0.00118844,2.1698744,4375000.0,4346000.0,0.0052288,0.91
2018-12-05 16:42:54,509, 1543995771000,4357000.0,0.00453021,BID,-100000.0,4457000.0,1543995771000003,1543995773816,4357000.0,999999999999,4356000.0,999999999999,13.48978915,24.67826448,4357000.0,4356000.0,2.0,0.75755353,4358000.0,4355000.0,0.5926,1.93786842,4359000.0,4354000.0,0.81726,0.00780889,4362000.0,4353000.0,1.53550056,0.04010796,4365000.0,4352000.0,0.53213429,0.02965521,4367000.0,4351000.0,0.90737706,0.87242259,4368000.0,4350000.0,2.1,17.45297348,4370000.0,4349000.0,4.9985,0.5,4373000.0,4348000.0,0.00118844,2.1698744,4375000.0,4346000.0,0.0052288,0.91
2018-12-05 16:42:55,622, 1543995775000,4357000.0,0.005,BID,-100000.0,4457000.0,1543995775000000,1543995775119,4357000.0,999999999999,4356000.0,999999999999,13.05740404,24.77826448,4357000.0,4356000.0,2.0,0.65755353,4358000.0,4355000.0,0.61961489,1.93786842,4359000.0,4354000.0,0.35786,0.00780889,4362000.0,4353000.0,1.53550056,0.04010796,4365000.0,4352000.0,0.53213429,0.02965521,4367000.0,4351000.0,0.90737706,0.87242259,4368000.0,4350000.0,2.1,17.45297348,4370000.0,4349000.0,4.9985,0.5,4373000.0,4348000.0,0.00118844,2.1698744,4375000.0,4346000.0,0.0052288,1.11
2018-12-05 16:42:56,743, 1543995775000,4356000.0,0.0373,ASK,-101000.0,4457000.0,1543995775000001,1543995776245,4357000.0,999999999999,4356000.0,999999999999,13.02538915,24.55186444,4357000.0,4356000.0,1.995,0.62025353,4358000.0,4355000.0,0.5926,1.93786842,4359000.0,4354000.0,0.35786,0.00780889,4362000.0,4353000.0,1.53550056,0.04010796,4365000.0,4352000.0,0.53213429,0.02965521,4367000.0,4351000.0,0.90737706,0.88332255,4368000.0,4350000.0,2.1,17.45297348,4370000.0,4349000.0,4.9985,0.5,4373000.0,4348000.0,0.00118844,2.1698744,4375000.0,4346000.0,0.0052288,0.91
2018-12-05 16:42:57,855, 1543995775000,4356000.0,0.0373,ASK,-101000.0,4457000.0,1543995775000001,1543995777722,4357000.0,999999999999,4356000.0,999999999999,10.95263279,24.55186444,4357000.0,4356000.0,2.02201489,0.62025353,4358000.0,4355000.0,0.5926,1.93786842,4359000.0,4354000.0,0.35786,0.00780889,4362000.0,4353000.0,1.53550056,0.04010796,4365000.0,4352000.0,0.53213429,0.02965521,4367000.0,4351000.0,0.90737706,0.88332255,4370000.0,4350000.0,4.9985,17.45297348,4373000.0,4349000.0,0.00118844,0.5,4375000.0,4348000.0,0.0052288,2.1698744,4376000.0,4346000.0,0.00022875,0.91
2018-12-05 16:42:58,955, 1543995778000,4357000.0,0.0326555,BID,-100000.0,4457000.0,1543995778000000,1543995778394,4357000.0,999999999999,4356000.0,999999999999,10.95263279,24.55186444,4357000.0,4356000.0,2.02201489,0.62025353,4358000.0,4355000.0,0.5926,1.93786842,4359000.0,4354000.0,0.35786,0.00780889,4362000.0,4353000.0,1.53550056,0.04010796,4365000.0,4352000.0,0.53213429,0.02965521,4367000.0,4351000.0,0.90737706,0.88332255,4370000.0,4350000.0,4.9985,17.45297348,4373000.0,4349000.0,0.00118844,0.5,4375000.0,4348000.0,0.0052288,2.1698744,4376000.0,4346000.0,0.00022875,0.91
2018-12-05 16:43:00,079, 1543995779000,4356000.0,0.00045913,ASK,-101000.0,4457000.0,1543995779000002,1543995779788,4356000.0,999999999999,4355000.0,999999999999,10.79949501,24.90437248,4356000.0,4355000.0,0.17234647,1.93786842,4357000.0,4354000.0,1.98935939,0.00780889,4359000.0,4353000.0,0.35786,0.04010796,4362000.0,4352000.0,1.53550056,0.02965521,4365000.0,4351000.0,0.53213429,0.88332255,4367000.0,4350000.0,0.90737706,17.45297348,4370000.0,4349000.0,4.9985,0.5,4373000.0,4348000.0,0.00118844,2.1698744,4374000.0,4346000.0,0.3,0.91,4375000.0,4345000.0,0.0052288,0.97276157
2018-12-05 16:43:01,193, 1543995780000,4355000.0,0.20625597,ASK,-102000.0,4457000.0,1543995780000004,1543995780853,4356000.0,999999999999,4355000.0,999999999999,12.89666021,23.88684154,4356000.0,4355000.0,1.97234647,0.92033748,4357000.0,4354000.0,0.19175339,0.00780889,4359000.0,4353000.0,0.35786,0.04010796,4362000.0,4352000.0,1.53550056,0.02965521,4364000.0,4351000.0,2.1,0.88332255,4365000.0,4350000.0,0.53213429,17.45297348,4367000.0,4349000.0,0.90737706,0.5,4370000.0,4348000.0,4.9985,2.1698744,4373000.0,4346000.0,0.00118844,0.91,4374000.0,4345000.0,0.3,0.97276157
2018-12-05 16:43:02,346, 1543995781000,4356000.0,0.155,BID,-101000.0,4457000.0,1543995781000000,1543995782085,4356000.0,999999999999,4355000.0,999999999999,11.22438033,23.88684154,4356000.0,4355000.0,1.81734647,0.92033748,4357000.0,4354000.0,0.1647385,0.00780889,4359000.0,4353000.0,0.35786,0.04010796,4362000.0,4352000.0,0.04523557,0.02965521,4364000.0,4351000.0,2.1,0.88332255,4365000.0,4350000.0,0.53213429,17.45297348,4367000.0,4349000.0,0.90737706,0.5,4370000.0,4348000.0,4.9985,2.1698744,4373000.0,4346000.0,0.00118844,0.91,4374000.0,4345000.0,0.3,0.97276157
2018-12-05 16:43:03,473, 1543995781000,4356000.0,0.155,BID,-101000.0,4457000.0,1543995781000000,1543995783337,4356000.0,999999999999,4355000.0,999999999999,11.16497634,24.83319711,4356000.0,4355000.0,1.84436136,0.92033748,4357000.0,4354000.0,0.002394,0.66332738,4359000.0,4353000.0,0.35786,0.04010796,4360000.0,4352000.0,0.37592562,0.02965521,4362000.0,4351000.0,0.04523557,0.97415963,4364000.0,4350000.0,2.1,17.45297348,4365000.0,4349000.0,0.53213429,0.5,4367000.0,4348000.0,0.90737706,2.1698744,4370000.0,4346000.0,4.9985,1.11,4373000.0,4345000.0,0.00118844,0.97276157
2018-12-05 16:43:04,589, 1543995783000,4356000.0,0.00272726,BID,-101000.0,4457000.0,1543995783000003,1543995783854,4356000.0,999999999999,4355000.0,999999999999,10.95347634,24.03319711,4356000.0,4355000.0,1.83286136,0.12033748,4357000.0,4354000.0,0.002394,0.66332738,4359000.0,4353000.0,0.35786,0.04010796,4360000.0,4352000.0,0.17592562,0.02965521,4362000.0,4351000.0,0.04523557,0.97415963,4364000.0,4350000.0,2.1,17.45297348,4365000.0,4349000.0,0.53213429,0.5,4367000.0,4348000.0,0.90737706,2.1698744,4370000.0,4346000.0,4.9985,1.11,4373000.0,4345000.0,0.00118844,0.97276157
2018-12-05 16:43:05,704, 1543995783000,4356000.0,0.00272726,BID,-101000.0,4457000.0,1543995783000003,1543995785130,4356000.0,999999999999,4355000.0,999999999999,10.95074908,24.03319711,4356000.0,4355000.0,1.8301341,0.12033748,4357000.0,4354000.0,0.002394,0.66332738,4359000.0,4353000.0,0.35786,0.04010796,4360000.0,4352000.0,0.17592562,0.02965521,4362000.0,4351000.0,0.04523557,0.97415963,4364000.0,4350000.0,2.1,17.45297348,4365000.0,4349000.0,0.53213429,0.5,4367000.0,4348000.0,0.90737706,2.1698744,4370000.0,4346000.0,4.9985,1.11,4373000.0,4345000.0,0.00118844,0.97276157
2018-12-05 16:43:06,815, 1543995783000,4356000.0,0.00272726,BID,-101000.0,4457000.0,1543995783000003,1543995786301,4356000.0,999999999999,4355000.0,999999999999,10.95074908,24.03319711,4356000.0,4355000.0,1.8301341,0.12033748,4357000.0,4354000.0,0.002394,0.66332738,4359000.0,4353000.0,0.35786,0.04010796,4360000.0,4352000.0,0.17592562,0.02965521,4362000.0,4351000.0,0.04523557,0.97415963,4364000.0,4350000.0,2.1,17.45297348,4365000.0,4349000.0,0.53213429,0.5,4367000.0,4348000.0,0.90737706,2.3698744,4370000.0,4346000.0,4.9985,0.91,4373000.0,4345000.0,0.00118844,0.97276157
2018-12-05 16:43:08,096, 1543995783000,4356000.0,0.00272726,BID,-101000.0,4457000.0,1543995783000003,1543995787478,4356000.0,999999999999,4355000.0,999999999999,11.15074908,24.03319711,4356000.0,4355000.0,1.8301341,0.12033748,4357000.0,4354000.0,0.002394,0.66332738,4359000.0,4353000.0,0.35786,0.04010796,4360000.0,4352000.0,0.17592562,0.02965521,4362000.0,4351000.0,0.04523557,0.97415963,4364000.0,4350000.0,2.3,17.45297348,4365000.0,4349000.0,0.53213429,0.5,4367000.0,4348000.0,0.90737706,2.3698744,4370000.0,4346000.0,4.9985,0.91,4373000.0,4345000.0,0.00118844,0.97276157
2018-12-05 16:43:09,208, 1543995788000,4355000.0,0.09870488,ASK,-102000.0,4457000.0,1543995788000000,1543995788998,4356000.0,999999999999,4355000.0,999999999999,11.15074908,23.93449223,4356000.0,4355000.0,1.8301341,0.0216326,4357000.0,4354000.0,0.002394,0.66332738,4359000.0,4353000.0,0.35786,0.04010796,4360000.0,4352000.0,0.17592562,0.02965521,4362000.0,4351000.0,0.04523557,0.97415963,4364000.0,4350000.0,2.3,17.45297348,4365000.0,4349000.0,0.53213429,0.5,4367000.0,4348000.0,0.90737706,2.3698744,4370000.0,4346000.0,4.9985,0.91,4373000.0,4345000.0,0.00118844,0.97276157
2018-12-05 16:43:10,335, 1543995788000,4355000.0,0.09870488,ASK,-102000.0,4457000.0,1543995788000000,1543995790107,4356000.0,999999999999,4355000.0,999999999999,11.14956064,23.93449223,4356000.0,4355000.0,1.8301341,0.0216326,4357000.0,4354000.0,0.002394,0.66332738,4359000.0,4353000.0,0.35786,0.04010796,4360000.0,4352000.0,0.17592562,0.02965521,4362000.0,4351000.0,0.04523557,0.97415963,4363000.0,4350000.0,0.2,17.45297348,4364000.0,4349000.0,2.1,0.7,4365000.0,4348000.0,0.53213429,2.1698744,4367000.0,4346000.0,0.90737706,0.91,4370000.0,4345000.0,4.9985,0.97276157
2018-12-05 16:43:11,449, 1543995790000,4356000.0,0.13028079,BID,-101000.0,4457000.0,1543995790000001,1543995791237,4356000.0,999999999999,4355000.0,999999999999,11.01616064,23.93449223,4356000.0,4355000.0,1.6967341,0.0216326,4357000.0,4354000.0,0.002394,0.66332738,4359000.0,4353000.0,0.35786,0.04010796,4360000.0,4352000.0,0.17592562,0.02965521,4362000.0,4351000.0,0.04523557,0.97415963,4363000.0,4350000.0,0.2,17.45297348,4364000.0,4349000.0,2.1,0.7,4365000.0,4348000.0,0.53213429,2.1698744,4367000.0,4346000.0,0.90737706,0.91,4370000.0,4345000.0,4.9985,0.97276157
2018-12-05 16:43:12,557, 1543995790000,4356000.0,0.13028079,BID,-101000.0,4457000.0,1543995790000001,1543995792412,4356000.0,999999999999,4355000.0,999999999999,11.01616064,22.96173066,4356000.0,4355000.0,1.6967341,0.0216326,4357000.0,4354000.0,0.002394,0.66332738,4359000.0,4353000.0,0.35786,0.04010796,4360000.0,4352000.0,0.17592562,0.02965521,4362000.0,4351000.0,0.04523557,0.97415963,4363000.0,4350000.0,0.2,17.45297348,4364000.0,4349000.0,2.1,0.7,4365000.0,4348000.0,0.53213429,2.1698744,4367000.0,4347000.0,0.90737706,0.9,4370000.0,4346000.0,4.9985,0.01
2018-12-05 16:43:13,672, 1543995793000,4356000.0,0.281983,BID,-101000.0,4457000.0,1543995793000000,1543995793255,4356000.0,999999999999,4355000.0,999999999999,8.91734908,22.96173066,4356000.0,4355000.0,1.6967341,0.0216326,4357000.0,4354000.0,0.002394,0.66332738,4359000.0,4353000.0,0.35786,0.04010796,4360000.0,4352000.0,0.17592562,0.02965521,4362000.0,4351000.0,0.04523557,0.97415963,4363000.0,4350000.0,0.2,17.45297348,4365000.0,4349000.0,0.53213429,0.7,4367000.0,4348000.0,0.90737706,2.1698744,4370000.0,4347000.0,4.9985,0.9,4373000.0,4346000.0,0.00118844,0.01
2018-12-05 16:43:14,781, 1543995793000,4356000.0,0.281983,BID,-101000.0,4457000.0,1543995793000000,1543995794532,4356000.0,999999999999,4355000.0,999999999999,8.93297208,22.96173066,4356000.0,4355000.0,1.4147511,0.0216326,4359000.0,4354000.0,0.35786,0.66332738,4360000.0,4353000.0,0.17592562,0.04010796,4362000.0,4352000.0,0.04523557,0.02965521,4363000.0,4351000.0,0.2,0.97415963,4365000.0,4350000.0,0.53213429,17.45297348,4367000.0,4349000.0,0.90737706,0.7,4370000.0,4348000.0,4.9985,2.1698744,4373000.0,4347000.0,0.00118844,0.9,4374000.0,4346000.0,0.3,0.01
2018-12-05 16:43:15,901, 1543995793000,4356000.0,0.281983,BID,-101000.0,4457000.0,1543995793000000,1543995795386,4356000.0,999999999999,4355000.0,999999999999,8.93297208,23.73576507,4356000.0,4355000.0,1.4147511,0.0216326,4359000.0,4354000.0,0.35786,0.66332738,4360000.0,4353000.0,0.17592562,0.04010796,4362000.0,4352000.0,0.04523557,0.02965521,4363000.0,4351000.0,0.2,0.97415963,4365000.0,4350000.0,0.53213429,17.45297348,4367000.0,4349000.0,0.90737706,1.47403441,4370000.0,4348000.0,4.9985,2.1698744,4373000.0,4347000.0,0.00118844,0.9,4374000.0,4346000.0,0.3,0.01
2018-12-05 16:43:17,009, 1543995796000,4354000.0,0.00037806,ASK,-103000.0,4457000.0,1543995796000002,1543995796054,4356000.0,999999999999,4355000.0,999999999999,8.46250401,23.73576507,4356000.0,4355000.0,1.4147511,0.0216326,4359000.0,4354000.0,0.35786,0.66332738,4362000.0,4353000.0,0.04523557,0.04010796,4363000.0,4352000.0,0.2,0.02965521,4365000.0,4351000.0,0.53213429,0.97415963,4367000.0,4350000.0,0.90737706,17.45297348,4370000.0,4349000.0,4.9985,1.47403441,4373000.0,4348000.0,0.00118844,2.1698744,4375000.0,4347000.0,0.0052288,0.9,4376000.0,4346000.0,0.00022875,0.01
2018-12-05 16:43:18,131, 1543995797000,4354000.0,0.47256917,ASK,-103000.0,4457000.0,1543995797000003,1543995797596,4355000.0,999999999999,4354000.0,999999999999,9.01741646,24.68651598,4355000.0,4354000.0,0.01087,0.66294932,4356000.0,4353000.0,1.4147511,0.04010796,4359000.0,4352000.0,0.35786,0.02965521,4362000.0,4351000.0,0.04523557,0.97415963,4363000.0,4350000.0,0.2,17.45297348,4364000.0,4349000.0,0.5495,1.47403441,4365000.0,4348000.0,0.53213429,2.1698744,4367000.0,4347000.0,0.90737706,0.9,4370000.0,4346000.0,4.9985,0.01,4373000.0,4345000.0,0.00118844,0.97276157
2018-12-05 16:43:19,241, 1543995798000,4355000.0,0.004,BID,-102000.0,4457000.0,1543995798000000,1543995799085,4355000.0,999999999999,4354000.0,999999999999,11.52488581,24.10401574,4355000.0,4354000.0,1.807264,0.08044908,4356000.0,4353000.0,0.02701489,0.04010796,4359000.0,4352000.0,0.35786,0.02965521,4362000.0,4351000.0,0.04523557,0.97415963,4363000.0,4350000.0,0.2,17.45297348,4364000.0,4349000.0,0.5495,1.47403441,4365000.0,4348000.0,0.53213429,2.1698744,4367000.0,4347000.0,0.90737706,0.9,4368000.0,4346000.0,2.1,0.01,4370000.0,4345000.0,4.9985,0.97276157
2018-12-05 16:43:20,353, 1543995800000,4355000.0,0.003,BID,-102000.0,4457000.0,1543995800000000,1543995800160,4355000.0,999999999999,4354000.0,999999999999,10.61768966,24.10401574,4355000.0,4354000.0,0.90006785,0.08044908,4356000.0,4353000.0,0.02701489,0.04010796,4359000.0,4352000.0,0.35786,0.02965521,4362000.0,4351000.0,0.04523557,0.97415963,4363000.0,4350000.0,0.2,17.45297348,4364000.0,4349000.0,0.5495,1.47403441,4365000.0,4348000.0,0.53213429,2.1698744,4367000.0,4347000.0,0.90737706,0.9,4368000.0,4346000.0,2.1,0.01,4370000.0,4345000.0,4.9985,0.97276157
2018-12-05 16:43:21,456, 1543995800000,4355000.0,0.003,BID,-102000.0,4457000.0,1543995800000000,1543995800849,4355000.0,999999999999,4354000.0,999999999999,10.15240092,24.10401574,4355000.0,4354000.0,0.002394,0.08044908,4358000.0,4353000.0,0.4594,0.04010796,4359000.0,4352000.0,0.35786,0.02965521,4362000.0,4351000.0,0.04523557,0.97415963,4363000.0,4350000.0,0.2,17.45297348,4364000.0,4349000.0,0.5495,1.47403441,4365000.0,4348000.0,0.53213429,2.1698744,4367000.0,4347000.0,0.90737706,0.9,4368000.0,4346000.0,2.1,0.01,4370000.0,4345000.0,4.9985,0.97276157
2018-12-05 16:43:22,588, 1543995800000,4355000.0,0.003,BID,-102000.0,4457000.0,1543995800000000,1543995802010,4355000.0,999999999999,4354000.0,999999999999,10.32832654,24.10401574,4355000.0,4354000.0,0.17831962,0.08044908,4358000.0,4353000.0,0.4594,0.04010796,4359000.0,4352000.0,0.35786,0.02965521,4362000.0,4351000.0,0.04523557,0.97415963,4363000.0,4350000.0,0.2,17.45297348,4364000.0,4349000.0,0.5495,1.47403441,4365000.0,4348000.0,0.53213429,2.1698744,4367000.0,4347000.0,0.90737706,0.9,4368000.0,4346000.0,2.1,0.01,4370000.0,4345000.0,4.9985,0.97276157
2018-12-05 16:43:23,697, 1543995800000,4355000.0,0.003,BID,-102000.0,4457000.0,1543995800000000,1543995803177,4355000.0,999999999999,4354000.0,999999999999,10.35534143,24.10401574,4355000.0,4354000.0,0.17831962,0.08044908,4358000.0,4353000.0,0.48641489,0.04010796,4359000.0,4352000.0,0.35786,0.02965521,4362000.0,4351000.0,0.04523557,0.97415963,4363000.0,4350000.0,0.2,17.45297348,4364000.0,4349000.0,0.5495,1.47403441,4365000.0,4348000.0,0.53213429,2.1698744,4367000.0,4347000.0,0.90737706,0.9,4368000.0,4346000.0,2.1,0.01,4370000.0,4345000.0,4.9985,0.97276157
2018-12-05 16:43:24,814, 1543995804000,4351000.0,0.10864528,ASK,-106000.0,4457000.0,1543995804000000,1543995804088,4355000.0,999999999999,4354000.0,999999999999,10.35534143,24.58462988,4355000.0,4354000.0,0.17831962,0.08044908,4358000.0,4353000.0,0.48641489,0.04010796,4359000.0,4352000.0,0.35786,0.02965521,4362000.0,4351000.0,0.04523557,1.45477377,4363000.0,4350000.0,0.2,17.45297348,4364000.0,4349000.0,0.5495,1.47403441,4365000.0,4348000.0,0.53213429,2.1698744,4367000.0,4347000.0,0.90737706,0.9,4368000.0,4346000.0,2.1,0.01,4370000.0,4345000.0,4.9985,0.97276157
2018-12-05 16:43:26,033, 1543995804000,4351000.0,0.04978775,ASK,-106000.0,4457000.0,1543995804000009,1543995805654,4355000.0,999999999999,4351000.0,999999999999,8.64710642,25.66736789,4355000.0,4351000.0,1.66858461,1.20498602,4356000.0,4350000.0,1.8,17.45297348,4358000.0,4349000.0,0.48641489,1.47403441,4359000.0,4348000.0,0.35786,2.1698744,4362000.0,4347000.0,0.04523557,0.9,4363000.0,4346000.0,0.2,0.01,4364000.0,4345000.0,0.5495,0.97276157,4365000.0,4344000.0,0.53213429,0.13002025,4367000.0,4343000.0,0.90737706,0.33025558,4368000.0,4342000.0,2.1,1.02246218
2018-12-05 16:43:27,175, 1543995804000,4351000.0,0.04978775,ASK,-106000.0,4457000.0,1543995804000009,1543995807110,4355000.0,999999999999,4351000.0,999999999999,13.28420642,28.66736789,4355000.0,4351000.0,1.6955995,4.20498602,4356000.0,4350000.0,1.8,17.45297348,4359000.0,4349000.0,0.35786,1.47403441,4362000.0,4348000.0,0.24523557,2.1698744,4364000.0,4347000.0,0.5495,0.9,4365000.0,4346000.0,0.53213429,0.01,4367000.0,4345000.0,0.90737706,0.97276157,4368000.0,4344000.0,2.1,0.13002025,4370000.0,4343000.0,4.9985,0.33025558,4371000.0,4342000.0,0.098,1.02246218
2018-12-05 16:43:28,419, 1543995804000,4351000.0,0.04978775,ASK,-106000.0,4457000.0,1543995804000009,1543995807869,4355000.0,999999999999,4351000.0,999999999999,13.28420642,28.66736789,4355000.0,4351000.0,1.6955995,4.20498602,4356000.0,4350000.0,1.8,17.45297348,4359000.0,4349000.0,0.35786,1.47403441,4362000.0,4348000.0,0.24523557,2.1698744,4364000.0,4347000.0,0.5495,0.9,4365000.0,4346000.0,0.53213429,0.01,4367000.0,4345000.0,0.90737706,0.97276157,4368000.0,4344000.0,2.1,0.13002025,4370000.0,4343000.0,4.9985,0.33025558,4371000.0,4342000.0,0.098,1.02246218
2018-12-05 16:43:29,526, 1543995804000,4351000.0,0.04978775,ASK,-106000.0,4457000.0,1543995804000009,1543995808566,4355000.0,999999999999,4351000.0,999999999999,13.28420642,28.66736789,4355000.0,4351000.0,1.6955995,4.20498602,4356000.0,4350000.0,1.8,17.45297348,4359000.0,4349000.0,0.35786,1.47403441,4362000.0,4348000.0,0.24523557,2.1698744,4364000.0,4347000.0,0.5495,0.9,4365000.0,4346000.0,0.53213429,0.01,4367000.0,4345000.0,0.90737706,0.97276157,4368000.0,4344000.0,2.1,0.13002025,4370000.0,4343000.0,4.9985,0.33025558,4371000.0,4342000.0,0.098,1.02246218
2018-12-05 16:43:30,636, 1543995804000,4351000.0,0.04978775,ASK,-106000.0,4457000.0,1543995804000009,1543995810537,4355000.0,999999999999,4351000.0,999999999999,13.28420642,31.28736789,4355000.0,4351000.0,1.6955995,7.02498602,4356000.0,4350000.0,1.8,17.45297348,4359000.0,4349000.0,0.35786,1.27403441,4362000.0,4348000.0,0.24523557,2.1698744,4364000.0,4347000.0,0.5495,0.9,4365000.0,4346000.0,0.53213429,0.01,4367000.0,4345000.0,0.90737706,0.97276157,4368000.0,4344000.0,2.1,0.13002025,4370000.0,4343000.0,4.9985,0.33025558,4371000.0,4342000.0,0.098,1.02246218
2018-12-05 16:43:31,791, 1543995804000,4351000.0,0.04978775,ASK,-106000.0,4457000.0,1543995804000009,1543995811382,4355000.0,999999999999,4352000.0,999999999999,13.18620642,30.26616151,4355000.0,4352000.0,2.5955995,0.0012558,4356000.0,4351000.0,0.9,7.02498602,4359000.0,4350000.0,0.35786,17.45297348,4361000.0,4349000.0,0.2,1.27403441,4362000.0,4348000.0,0.04523557,2.1698744,4364000.0,4347000.0,0.5495,0.9,4365000.0,4346000.0,0.53213429,0.01,4367000.0,4345000.0,0.90737706,0.97276157,4368000.0,4344000.0,2.1,0.13002025,4370000.0,4343000.0,4.9985,0.33025558
2018-12-05 16:43:32,918, 1543995804000,4351000.0,0.04978775,ASK,-106000.0,4457000.0,1543995804000009,1543995812242,4355000.0,999999999999,4352000.0,999999999999,13.28420642,30.46616151,4355000.0,4352000.0,3.4955995,0.0012558,4359000.0,4351000.0,0.35786,7.02498602,4361000.0,4350000.0,0.2,17.45297348,4362000.0,4349000.0,0.04523557,1.27403441,4364000.0,4348000.0,0.5495,2.3698744,4365000.0,4347000.0,0.53213429,0.9,4367000.0,4346000.0,0.90737706,0.01,4368000.0,4345000.0,2.1,0.97276157,4370000.0,4344000.0,4.9985,0.13002025,4371000.0,4343000.0,0.098,0.33025558
2018-12-05 16:43:34,026, 1543995804000,4351000.0,0.04978775,ASK,-106000.0,4457000.0,1543995804000009,1543995813740,4355000.0,999999999999,4352000.0,999999999999,13.28420642,29.84458928,4355000.0,4352000.0,3.4955995,0.0312558,4359000.0,4351000.0,0.35786,7.02498602,4361000.0,4350000.0,0.2,17.45297348,4362000.0,4349000.0,0.04523557,0.5,4364000.0,4348000.0,0.5495,2.3698744,4365000.0,4346000.0,0.53213429,0.01,4367000.0,4345000.0,0.90737706,0.97276157,4368000.0,4344000.0,2.1,0.13002025,4370000.0,4343000.0,4.9985,0.33025558,4371000.0,4342000.0,0.098,1.02246218
2018-12-05 16:43:35,141, 1543995804000,4351000.0,0.04978775,ASK,-106000.0,4457000.0,1543995804000009,1543995814883,4355000.0,999999999999,4352000.0,999999999999,13.28420642,30.74458928,4355000.0,4352000.0,3.4955995,0.0312558,4359000.0,4351000.0,0.35786,7.02498602,4361000.0,4350000.0,0.2,17.45297348,4362000.0,4349000.0,0.04523557,0.5,4364000.0,4348000.0,0.5495,2.3698744,4365000.0,4346000.0,0.53213429,0.91,4367000.0,4345000.0,0.90737706,0.97276157,4368000.0,4344000.0,2.1,0.13002025,4370000.0,4343000.0,4.9985,0.33025558,4371000.0,4342000.0,0.098,1.02246218
2018-12-05 16:43:36,257, 1543995804000,4351000.0,0.04978775,ASK,-106000.0,4457000.0,1543995804000009,1543995815630,4355000.0,999999999999,4352000.0,999999999999,13.28420642,30.74458928,4355000.0,4352000.0,3.4955995,0.0312558,4359000.0,4351000.0,0.35786,7.02498602,4361000.0,4350000.0,0.2,17.45297348,4362000.0,4349000.0,0.04523557,0.5,4364000.0,4348000.0,0.5495,2.3698744,4365000.0,4346000.0,0.53213429,0.91,4367000.0,4345000.0,0.90737706,0.97276157,4368000.0,4344000.0,2.1,0.13002025,4370000.0,4343000.0,4.9985,0.33025558,4371000.0,4342000.0,0.098,1.02246218
2018-12-05 16:43:37,374, 1543995804000,4351000.0,0.04978775,ASK,-106000.0,4457000.0,1543995804000009,1543995816878,4354000.0,999999999999,4352000.0,999999999999,13.18620642,32.97437386,4354000.0,4352000.0,0.9,0.16104038,4355000.0,4351000.0,2.5955995,7.02498602,4359000.0,4350000.0,0.35786,17.45297348,4361000.0,4349000.0,0.2,0.5,4362000.0,4348000.0,0.04523557,2.3698744,4364000.0,4346000.0,0.5495,0.91,4365000.0,4345000.0,0.53213429,0.97276157,4367000.0,4344000.0,0.90737706,0.13002025,4368000.0,4343000.0,2.1,2.43025558,4370000.0,4342000.0,4.9985,1.02246218
2018-12-05 16:43:57,776, 1543995804000,4351000.0,0.04978775,ASK,-106000.0,4457000.0,1543995804000009,1543995837369,4353000.0,999999999999,4352000.0,999999999999,10.80345169,30.98384726,4353000.0,4352000.0,1.36865944,0.09051378,4354000.0,4351000.0,4.9985,4.20498602,4355000.0,4350000.0,0.17831962,17.45297348,4357000.0,4349000.0,0.2,0.5,4359000.0,4348000.0,0.35786,2.1698744,4362000.0,4346000.0,0.04523557,0.01,4364000.0,4345000.0,0.5495,0.97276157,4367000.0,4344000.0,0.90737706,1.03002025,4368000.0,4343000.0,2.1,3.53025558,4369000.0,4342000.0,0.098,1.02246218
2018-12-05 16:43:59,018, 1543995838000,4353000.0,0.300382,BID,-104000.0,4457000.0,1543995838000001,1543995838080,4353000.0,999999999999,4351000.0,999999999999,10.80345169,31.38384726,4353000.0,4351000.0,1.36865944,4.0954998,4354000.0,4350000.0,4.9985,17.45297348,4355000.0,4349000.0,0.17831962,0.5,4357000.0,4348000.0,0.2,2.1698744,4359000.0,4346000.0,0.35786,0.01,4362000.0,4345000.0,0.04523557,0.97276157,4364000.0,4344000.0,0.5495,1.03002025,4367000.0,4343000.0,0.90737706,3.53025558,4368000.0,4342000.0,2.1,1.02246218,4369000.0,4341000.0,0.098,0.6
2018-12-05 16:44:00,184, 1543995838000,4353000.0,0.300382,BID,-104000.0,4457000.0,1543995838000001,1543995839503,4352000.0,999999999999,4351000.0,999999999999,11.27693669,31.38384726,4352000.0,4351000.0,1.8,4.0954998,4353000.0,4350000.0,0.14014444,17.45297348,4354000.0,4349000.0,4.9985,0.5,4355000.0,4348000.0,0.17831962,2.1698744,4356000.0,4346000.0,0.2,0.01,4359000.0,4345000.0,0.35786,0.97276157,4362000.0,4344000.0,0.04523557,1.03002025,4364000.0,4343000.0,0.5495,3.53025558,4367000.0,4342000.0,0.90737706,1.02246218,4368000.0,4341000.0,2.1,0.6
2018-12-05 16:44:01,380, 1543995840000,4351000.0,0.0457,ASK,-106000.0,4457000.0,1543995840000008,1543995840425,4352000.0,999999999999,4351000.0,999999999999,11.2499218,27.47616047,4352000.0,4351000.0,1.8,1.2154998,4353000.0,4350000.0,0.11312955,16.62528669,4354000.0,4349000.0,4.9985,0.5,4355000.0,4348000.0,0.17831962,2.1698744,4356000.0,4346000.0,0.2,0.01,4359000.0,4345000.0,0.35786,0.97276157,4362000.0,4344000.0,0.04523557,1.03002025,4364000.0,4343000.0,0.5495,3.33025558,4367000.0,4342000.0,0.90737706,1.02246218,4368000.0,4341000.0,2.1,0.6
2018-12-05 16:44:02,500, 1543995841000,4350000.0,0.6038537,ASK,-107000.0,4457000.0,1543995841000015,1543995841325,4352000.0,999999999999,4351000.0,999999999999,11.07399618,24.57616047,4352000.0,4351000.0,1.8,0.1154998,4353000.0,4350000.0,0.11312955,16.62528669,4354000.0,4349000.0,4.9985,0.5,4355000.0,4348000.0,0.002394,2.1698744,4356000.0,4346000.0,0.2,0.01,4359000.0,4345000.0,0.35786,0.97276157,4362000.0,4344000.0,0.04523557,0.13002025,4364000.0,4343000.0,0.5495,2.43025558,4367000.0,4342000.0,0.90737706,1.02246218,4368000.0,4341000.0,2.1,0.6
2018-12-05 16:44:03,622, 1543995843000,4350000.0,1.44439172,ASK,-107000.0,4457000.0,1543995843000000,1543995842415,4352000.0,999999999999,4350000.0,999999999999,11.10101107,23.49626977,4352000.0,4350000.0,1.82701489,13.8486336,4353000.0,4349000.0,0.11312955,0.5,4354000.0,4348000.0,4.9985,2.1698744,4355000.0,4346000.0,0.002394,0.01,4356000.0,4345000.0,0.2,0.97276157,4359000.0,4344000.0,0.35786,0.13002025,4362000.0,4343000.0,0.04523557,2.43025558,4364000.0,4342000.0,0.5495,1.02246218,4367000.0,4341000.0,0.90737706,0.6,4368000.0,4340000.0,2.1,1.81226219
2018-12-05 16:44:23,796, 1543995863000,4344000.0,0.013,BID,-113000.0,4457000.0,1543995863000001,1543995863522,4344000.0,999999999999,4342000.0,999999999999,9.94320669,12.64380538,4344000.0,4342000.0,0.49148715,0.06420419,4346000.0,4341000.0,0.4528,0.64723052,4347000.0,4340000.0,1.04505647,1.81226219,4348000.0,4339000.0,0.2,0.11679873,4349000.0,4338000.0,0.01366672,0.39357306,4351000.0,4337000.0,5.0985,7.26584353,4352000.0,4336000.0,0.113648,0.1,4353000.0,4335000.0,0.07018835,0.84289316,4354000.0,4334000.0,2.1,0.101,4359000.0,4333000.0,0.35786,1.3
2018-12-05 16:44:24,916, 1543995864000,4344000.0,0.00376395,BID,-113000.0,4457000.0,1543995864000002,1543995864403,4344000.0,999999999999,4341000.0,999999999999,9.70316852,13.35830988,4344000.0,4341000.0,0.25144898,0.61143471,4346000.0,4340000.0,0.4528,1.81226219,4347000.0,4339000.0,1.04505647,0.11679873,4348000.0,4338000.0,0.2,0.39357306,4349000.0,4337000.0,0.01366672,7.26584353,4351000.0,4336000.0,5.0985,0.11512848,4352000.0,4335000.0,0.113648,0.84289316,4353000.0,4334000.0,0.07018835,0.101,4354000.0,4333000.0,2.1,1.3,4359000.0,4332000.0,0.35786,0.79937602
2018-12-05 16:44:26,026, 1543995865000,4343000.0,0.074367,BID,-114000.0,4457000.0,1543995865000001,1543995865069,4343000.0,999999999999,4341000.0,999999999999,9.98975072,13.16018749,4343000.0,4341000.0,0.89349718,0.41331232,4344000.0,4340000.0,0.002394,1.81226219,4346000.0,4339000.0,0.4528,0.11679873,4347000.0,4338000.0,1.04505647,0.39357306,4348000.0,4337000.0,0.2,7.26584353,4349000.0,4336000.0,0.01366672,0.11512848,4351000.0,4335000.0,5.0985,0.84289316,4352000.0,4334000.0,0.113648,0.101,4353000.0,4333000.0,0.07018835,1.3,4354000.0,4332000.0,2.1,0.79937602
2018-12-05 16:44:27,139, 1543995865000,4343000.0,0.074367,BID,-114000.0,4457000.0,1543995865000001,1543995866750,4343000.0,999999999999,4341000.0,999999999999,10.0456395,12.89410569,4343000.0,4341000.0,1.69152596,0.14723052,4344000.0,4340000.0,0.002394,1.81226219,4346000.0,4339000.0,0.4528,0.11679873,4347000.0,4338000.0,0.14505647,0.39357306,4349000.0,4337000.0,0.01366672,7.26584353,4351000.0,4336000.0,5.0985,0.11512848,4352000.0,4335000.0,0.113648,0.84289316,4353000.0,4334000.0,0.07018835,0.101,4354000.0,4333000.0,2.1,1.3,4359000.0,4332000.0,0.35786,0.79937602
2018-12-05 16:44:28,244, 1543995867000,4342000.0,0.0206,BID,-115000.0,4457000.0,1543995867000001,1543995867963,4342000.0,999999999999,4341000.0,999999999999,9.3218395,12.80170569,4342000.0,4341000.0,0.14505647,0.05483052,4343000.0,4340000.0,1.49152596,1.81226219,4344000.0,4339000.0,0.002394,0.11679873,4349000.0,4338000.0,0.01366672,0.39357306,4351000.0,4337000.0,4.9985,7.26584353,4352000.0,4336000.0,0.113648,0.11512848,4353000.0,4335000.0,0.07018835,0.84289316,4354000.0,4334000.0,2.1,0.101,4359000.0,4333000.0,0.35786,1.3,4362000.0,4332000.0,0.029,0.79937602
2018-12-05 16:44:29,381, 1543995868000,4342000.0,0.019983,BID,-115000.0,4457000.0,1543995868000007,1543995869021,4341000.0,999999999999,4340000.0,999999999999,16.04196882,12.33271904,4341000.0,4340000.0,0.336,1.16069504,4342000.0,4339000.0,0.12445647,0.11679873,4343000.0,4338000.0,1.49152596,0.46189365,4344000.0,4337000.0,0.002394,7.26584353,4349000.0,4336000.0,0.01366672,0.11512848,4351000.0,4335000.0,4.9985,0.84289316,4352000.0,4334000.0,0.113648,0.101,4353000.0,4333000.0,0.07018835,1.3,4354000.0,4332000.0,8.53372932,0.79937602,4359000.0,4331000.0,0.35786,0.16909043
2018-12-05 16:44:30,490, 1543995870000,4343000.0,0.168,BID,-114000.0,4457000.0,1543995870000000,1543995869613,4342000.0,999999999999,4340000.0,999999999999,15.71498582,12.33271904,4342000.0,4340000.0,0.10447347,1.16069504,4343000.0,4339000.0,1.49152596,0.11679873,4344000.0,4338000.0,0.002394,0.46189365,4349000.0,4337000.0,0.01366672,7.26584353,4351000.0,4336000.0,4.9985,0.11512848,4352000.0,4335000.0,0.113648,0.84289316,4353000.0,4334000.0,0.07018835,0.101,4354000.0,4333000.0,8.53372932,1.3,4359000.0,4332000.0,0.35786,0.79937602,4362000.0,4331000.0,0.029,0.16909043
2018-12-05 16:44:31,605, 1543995870000,4341000.0,0.22511895,BID,-116000.0,4457000.0,1543995870000002,1543995871180,4341000.0,999999999999,4340000.0,999999999999,13.41898639,11.93271904,4341000.0,4340000.0,0.9,0.96069504,4344000.0,4339000.0,0.002394,0.11679873,4346000.0,4338000.0,0.2,0.46189365,4349000.0,4337000.0,0.01366672,7.26584353,4351000.0,4336000.0,4.9985,0.11512848,4352000.0,4335000.0,0.113648,0.84289316,4353000.0,4334000.0,0.07018835,0.101,4354000.0,4333000.0,6.43372932,1.1,4359000.0,4332000.0,0.65786,0.79937602,4362000.0,4331000.0,0.029,0.16909043
2018-12-05 16:44:32,719, 1543995872000,4341000.0,0.04,BID,-116000.0,4457000.0,1543995872000000,1543995871948,4340000.0,999999999999,4339000.0,999999999999,13.31940744,16.94767067,4340000.0,4339000.0,0.4468,0.09749377,4341000.0,4338000.0,0.67488105,0.46189365,4342000.0,4337000.0,0.3656,7.26584353,4344000.0,4336000.0,0.002394,0.11512848,4346000.0,4335000.0,0.2,0.84289316,4349000.0,4334000.0,0.01366672,0.101,4351000.0,4333000.0,4.9985,1.1,4352000.0,4332000.0,0.113648,0.79937602,4353000.0,4331000.0,0.07018835,0.16909043,4354000.0,4330000.0,6.43372932,5.99495163
2018-12-05 16:44:33,835, 1543995873000,4337000.0,0.32,ASK,-120000.0,4457000.0,1543995873000000,1543995872853,4339000.0,999999999999,4337000.0,999999999999,13.59046744,15.83979848,4339000.0,4337000.0,0.1,6.26503831,4341000.0,4336000.0,1.00048105,0.11512848,4344000.0,4335000.0,0.002394,0.84289316,4346000.0,4334000.0,0.2,0.101,4349000.0,4333000.0,0.01366672,1.1,4351000.0,4332000.0,4.9985,0.79937602,4352000.0,4331000.0,0.113648,0.18135728,4353000.0,4330000.0,0.07018835,5.99495163,4354000.0,4329000.0,6.43372932,0.109,4359000.0,4328000.0,0.65786,0.3310536
2018-12-05 16:44:34,956, 1543995873000,4337000.0,0.32,ASK,-120000.0,4457000.0,1543995873000000,1543995874434,4339000.0,999999999999,4337000.0,999999999999,16.53350072,15.49159835,4339000.0,4337000.0,3.3933,5.91683818,4340000.0,4336000.0,0.2,0.11512848,4341000.0,4335000.0,0.63488105,0.84289316,4344000.0,4334000.0,0.002394,0.101,4351000.0,4333000.0,4.9985,1.1,4352000.0,4332000.0,0.113648,0.79937602,4353000.0,4331000.0,0.07018835,0.18135728,4354000.0,4330000.0,6.43372932,5.99495163,4359000.0,4329000.0,0.65786,0.109,4362000.0,4328000.0,0.029,0.3310536
2018-12-05 16:44:36,069, 1543995874000,4338000.0,0.0202,BID,-119000.0,4457000.0,1543995874000000,1543995875324,4338000.0,999999999999,4337000.0,999999999999,15.09100072,15.49159835,4338000.0,4337000.0,0.8798,5.91683818,4339000.0,4336000.0,1.1,0.11512848,4340000.0,4335000.0,0.2,0.84289316,4341000.0,4334000.0,0.63488105,0.101,4344000.0,4333000.0,0.002394,1.1,4351000.0,4332000.0,4.9985,0.79937602,4352000.0,4331000.0,0.113648,0.18135728,4353000.0,4330000.0,0.07018835,5.99495163,4354000.0,4329000.0,6.43372932,0.109,4359000.0,4328000.0,0.65786,0.3310536
2018-12-05 16:44:37,182, 1543995876000,4337000.0,0.28,ASK,-120000.0,4457000.0,1543995876000001,1543995876217,4338000.0,999999999999,4337000.0,999999999999,14.48511967,15.49159835,4338000.0,4337000.0,0.8798,5.91683818,4339000.0,4336000.0,1.1,0.11512848,4340000.0,4335000.0,0.2,0.84289316,4344000.0,4334000.0,0.002394,0.101,4351000.0,4333000.0,4.9985,1.1,4352000.0,4332000.0,0.113648,0.79937602,4353000.0,4331000.0,0.07018835,0.18135728,4354000.0,4330000.0,6.43372932,5.99495163,4359000.0,4329000.0,0.65786,0.109,4362000.0,4328000.0,0.029,0.3310536
2018-12-05 16:44:38,349, 1543995877000,4338000.0,0.0526,BID,-119000.0,4457000.0,1543995877000003,1543995877849,4337000.0,999999999999,4336000.0,999999999999,18.27583483,9.26291422,4337000.0,4336000.0,1.77689906,0.11512848,4338000.0,4335000.0,1.1226161,0.42,4339000.0,4334000.0,1.1,0.101,4342000.0,4333000.0,2.0,1.1,4344000.0,4332000.0,0.002394,0.79937602,4351000.0,4331000.0,4.9985,0.18135728,4352000.0,4330000.0,0.113648,5.99495163,4353000.0,4329000.0,0.07018835,0.109,4354000.0,4328000.0,6.43372932,0.34210081,4359000.0,4327000.0,0.65786,0.1
2018-12-05 16:44:39,464, 1543995878000,4333000.0,0.259,ASK,-124000.0,4457000.0,1543995878000012,1543995878732,4336000.0,999999999999,4335000.0,999999999999,16.54625843,9.66599536,4336000.0,4335000.0,0.07331666,0.42,4338000.0,4334000.0,1.0700161,0.101,4339000.0,4333000.0,1.1,1.1,4342000.0,4332000.0,2.0,0.79937602,4351000.0,4331000.0,4.9985,0.18135728,4352000.0,4330000.0,0.113648,5.99495163,4353000.0,4329000.0,0.07018835,0.109,4354000.0,4328000.0,6.43372932,0.34210081,4359000.0,4327000.0,0.65786,0.1,4362000.0,4326000.0,0.029,0.51820962
2018-12-05 16:44:40,587, 1543995880000,4333000.0,0.02599557,ASK,-124000.0,4457000.0,1543995880000000,1543995879464,4337000.0,999999999999,4333000.0,999999999999,14.993023,9.07563802,4337000.0,4333000.0,0.01022457,0.641,4338000.0,4332000.0,0.93773276,0.79937602,4339000.0,4331000.0,0.1,0.18135728,4342000.0,4330000.0,2.0,5.99495163,4351000.0,4329000.0,4.9985,0.109,4352000.0,4328000.0,0.113648,0.34210081,4353000.0,4327000.0,0.07018835,0.1,4354000.0,4326000.0,6.43372932,0.31820962,4359000.0,4325000.0,0.3,0.40258318,4362000.0,4324000.0,0.029,0.18705948
2018-12-05 16:44:41,711, 1543995881000,4339000.0,0.01,BID,-118000.0,4457000.0,1543995881000000,1543995880851,4336000.0,999999999999,4333000.0,999999999999,16.33704238,8.87563802,4336000.0,4333000.0,0.7861241,0.441,4337000.0,4332000.0,0.68795971,0.79937602,4338000.0,4331000.0,0.8468929,0.18135728,4339000.0,4330000.0,0.1,5.99495163,4342000.0,4329000.0,2.0,0.109,4351000.0,4328000.0,4.9985,0.34210081,4352000.0,4327000.0,0.113648,0.1,4353000.0,4326000.0,0.07018835,0.31820962,4354000.0,4325000.0,6.43372932,0.40258318,4359000.0,4324000.0,0.3,0.18705948
2018-12-05 16:44:42,856, 1543995882000,4335000.0,0.07247865,BID,-122000.0,4457000.0,1543995882000001,1543995882449,4335000.0,999999999999,4334000.0,999999999999,15.33681306,8.97261942,4335000.0,4334000.0,0.76657671,0.0790814,4339000.0,4332000.0,0.03365658,0.24037602,4343000.0,4331000.0,0.4915141,0.18135728,4350000.0,4330000.0,2.1,5.99495163,4351000.0,4329000.0,4.9985,0.109,4352000.0,4328000.0,0.113648,1.36000081,4353000.0,4327000.0,0.07018835,0.1,4354000.0,4326000.0,6.43372932,0.31820962,4359000.0,4325000.0,0.3,0.40258318,4362000.0,4324000.0,0.029,0.18705948
2018-12-05 16:44:43,970, 1543995883000,4335000.0,0.09816845,BID,-122000.0,4457000.0,1543995883000001,1543995882936,4335000.0,999999999999,4334000.0,999999999999,15.01425576,9.18246066,4335000.0,4334000.0,0.24401941,0.08892264,4339000.0,4332000.0,0.23365658,0.24037602,4343000.0,4331000.0,0.4915141,0.18135728,4350000.0,4330000.0,2.1,5.99495163,4351000.0,4329000.0,4.9985,0.109,4352000.0,4328000.0,0.113648,1.36000081,4353000.0,4327000.0,0.07018835,0.1,4354000.0,4326000.0,6.43372932,0.31820962,4359000.0,4325000.0,0.3,0.40258318,4362000.0,4324000.0,0.029,0.38705948
2018-12-05 16:44:45,078, 1543995883000,4334000.0,0.00494576,ASK,-123000.0,4457000.0,1543995883000009,1543995884691,4335000.0,999999999999,4332000.0,999999999999,14.83695209,11.49974741,4335000.0,4332000.0,0.01482174,0.20929866,4339000.0,4331000.0,0.03605058,0.18135728,4343000.0,4330000.0,0.4915141,5.99495163,4350000.0,4329000.0,2.1,0.109,4351000.0,4328000.0,4.9985,1.36000081,4352000.0,4327000.0,0.113648,0.1,4353000.0,4326000.0,0.07018835,0.31820962,4354000.0,4325000.0,6.43372932,0.40258318,4362000.0,4324000.0,0.029,0.39701061,4364000.0,4323000.0,0.5495,2.42733562
2018-12-05 16:44:46,199, 1543995884000,4335000.0,0.00227919,BID,-122000.0,4457000.0,1543995884000004,1543995885780,4339000.0,999999999999,4335000.0,999999999999,15.23918175,9.98903716,4339000.0,4335000.0,0.03605058,0.91662537,4350000.0,4332000.0,2.1,0.20929866,4351000.0,4331000.0,4.9985,0.18135728,4352000.0,4330000.0,0.113648,5.99495163,4353000.0,4329000.0,0.07018835,0.109,4354000.0,4328000.0,6.43372932,1.36000081,4362000.0,4327000.0,0.029,0.1,4364000.0,4326000.0,0.5495,0.31820962,4367000.0,4325000.0,0.90737706,0.40258318,4373000.0,4324000.0,0.00118844,0.39701061
2018-12-05 16:44:47,319, 1543995886000,4335000.0,0.00302977,ASK,-122000.0,4457000.0,1543995886000003,1543995886713,4339000.0,999999999999,4336000.0,999999999999,16.11541055,9.68170139,4339000.0,4336000.0,0.93605058,0.0534,4350000.0,4335000.0,2.1,0.91590021,4351000.0,4332000.0,4.9985,0.24629866,4352000.0,4331000.0,0.113648,0.18135728,4353000.0,4330000.0,0.07018835,5.99495163,4354000.0,4329000.0,6.43372932,0.109,4364000.0,4328000.0,0.5495,1.36000081,4367000.0,4327000.0,0.90737706,0.1,4373000.0,4326000.0,0.00118844,0.31820962,4375000.0,4325000.0,0.0052288,0.40258318
2018-12-05 16:44:48,508, 1543995887000,4339000.0,0.03029284,BID,-118000.0,4457000.0,1543995887000002,1543995888310,4339000.0,999999999999,4336000.0,999999999999,15.14906713,11.4539892,4339000.0,4336000.0,1.76970716,0.036,4351000.0,4335000.0,4.9985,0.94258802,4352000.0,4332000.0,0.113648,0.20929866,4353000.0,4331000.0,0.07018835,0.18135728,4354000.0,4330000.0,6.43372932,5.99495163,4360000.0,4329000.0,0.3,0.109,4364000.0,4328000.0,0.5495,1.36000081,4367000.0,4327000.0,0.90737706,0.1,4373000.0,4326000.0,0.00118844,2.11820962,4375000.0,4325000.0,0.0052288,0.40258318
2018-12-05 16:44:49,661, 1543995888000,4339000.0,0.14444883,BID,-118000.0,4457000.0,1543995888000001,1543995889053,4339000.0,999999999999,4336000.0,999999999999,14.7668906,12.65300603,4339000.0,4336000.0,1.38753063,0.036,4351000.0,4335000.0,4.9985,0.95415087,4352000.0,4332000.0,0.113648,0.20929866,4353000.0,4331000.0,0.07018835,0.18135728,4354000.0,4330000.0,6.43372932,5.99495163,4360000.0,4329000.0,0.3,0.109,4364000.0,4328000.0,0.5495,1.36000081,4367000.0,4327000.0,0.90737706,0.1,4373000.0,4326000.0,0.00118844,2.11820962,4375000.0,4325000.0,0.0052288,1.59003716
2018-12-05 16:44:50,783, 1543995889000,4339000.0,0.03769748,BID,-118000.0,4457000.0,1543995889000001,1543995890336,4339000.0,999999999999,4336000.0,999999999999,14.24166249,12.85300603,4339000.0,4336000.0,0.86230252,0.036,4351000.0,4335000.0,4.9985,0.95415087,4352000.0,4332000.0,0.113648,0.20929866,4353000.0,4331000.0,0.07018835,0.18135728,4354000.0,4330000.0,6.43372932,6.19495163,4360000.0,4329000.0,0.3,0.109,4364000.0,4328000.0,0.5495,1.36000081,4367000.0,4327000.0,0.90737706,0.1,4373000.0,4326000.0,0.00118844,2.11820962,4375000.0,4325000.0,0.0052288,1.59003716
2018-12-05 16:44:51,903, 1543995890000,4335000.0,0.164,ASK,-122000.0,4457000.0,1543995890000001,1543995891500,4338000.0,999999999999,4332000.0,999999999999,15.03643369,12.53845759,4338000.0,4332000.0,0.9,0.02044953,4339000.0,4331000.0,0.86230252,0.22146261,4345000.0,4330000.0,0.2,6.19495163,4351000.0,4329000.0,4.9985,0.109,4352000.0,4328000.0,0.113648,1.36000081,4353000.0,4327000.0,0.07018835,0.1,4354000.0,4326000.0,6.43372932,2.11820962,4364000.0,4325000.0,0.5495,1.59003716,4367000.0,4324000.0,0.90737706,0.19701061,4373000.0,4323000.0,0.00118844,0.62733562
2018-12-05 16:44:53,017, 1543995892000,4338000.0,0.046129,BID,-119000.0,4457000.0,1543995892000002,1543995892400,4338000.0,999999999999,4337000.0,999999999999,15.07935997,11.94114849,4338000.0,4337000.0,1.8,0.03002652,4345000.0,4332000.0,0.2,0.02044953,4351000.0,4331000.0,4.9985,0.22146261,4352000.0,4330000.0,0.113648,6.19495163,4353000.0,4329000.0,0.07018835,0.109,4354000.0,4328000.0,6.43372932,1.36000081,4364000.0,4327000.0,0.5495,0.1,4367000.0,4326000.0,0.90737706,2.11820962,4373000.0,4325000.0,0.00118844,1.59003716,4375000.0,4324000.0,0.0052288,0.19701061
2018-12-05 16:44:54,133, 1543995892000,4345000.0,0.00834312,BID,-112000.0,4457000.0,1543995892000009,1543995893056,4345000.0,999999999999,4338000.0,999999999999,13.27958872,12.76530649,4345000.0,4338000.0,0.2,0.387871,4351000.0,4331000.0,4.9985,0.07193866,4352000.0,4330000.0,0.113648,6.19495163,4353000.0,4329000.0,0.07018835,0.109,4354000.0,4328000.0,6.43372932,1.36000081,4364000.0,4327000.0,0.5495,0.1,4367000.0,4326000.0,0.90737706,2.127161,4373000.0,4325000.0,0.00118844,1.59003716,4375000.0,4324000.0,0.0052288,0.19701061,4376000.0,4323000.0,0.00022875,0.62733562
2018-12-05 16:44:55,236, 1543995894000,4330000.0,0.1,ASK,-127000.0,4457000.0,1543995894000005,1543995894987,4344000.0,999999999999,4338000.0,999999999999,15.67413117,11.46318795,4344000.0,4338000.0,0.2,0.26362606,4348000.0,4330000.0,2.1,4.48841787,4351000.0,4329000.0,4.9985,0.109,4352000.0,4328000.0,0.113648,1.36000081,4353000.0,4327000.0,0.07018835,0.1,4354000.0,4326000.0,6.43372932,2.327161,4361000.0,4325000.0,0.3,1.59003716,4364000.0,4324000.0,0.5495,0.19701061,4367000.0,4323000.0,0.90737706,0.62733562,4373000.0,4322000.0,0.00118844,0.40059882
2018-12-05 16:44:56,355, 1543995896000,4330000.0,0.04515188,ASK,-127000.0,4457000.0,1543995896000000,1543995896162,4344000.0,999999999999,4330000.0,999999999999,15.71714273,11.24027835,4344000.0,4330000.0,0.2,3.77513861,4348000.0,4329000.0,2.1,0.109,4351000.0,4328000.0,4.9985,1.36000081,4352000.0,4327000.0,0.113648,0.1,4353000.0,4326000.0,0.07018835,2.327161,4354000.0,4325000.0,6.43372932,1.59003716,4357000.0,4324000.0,0.0442,0.19701061,4361000.0,4323000.0,0.3,0.62733562,4364000.0,4322000.0,0.5495,0.40059882,4367000.0,4321000.0,0.90737706,0.75399572
2018-12-05 16:44:57,921, 1543995896000,4330000.0,0.2,ASK,-127000.0,4457000.0,1543995896000001,1543995896837,4344000.0,999999999999,4330000.0,999999999999,14.90776567,11.19512647,4344000.0,4330000.0,0.2,3.72998673,4348000.0,4329000.0,2.1,0.109,4351000.0,4328000.0,4.9985,1.36000081,4352000.0,4327000.0,0.113648,0.1,4353000.0,4326000.0,0.07018835,2.327161,4354000.0,4325000.0,6.43372932,1.59003716,4355000.0,4324000.0,0.098,0.19701061,4357000.0,4323000.0,0.0442,0.62733562,4361000.0,4322000.0,0.3,0.40059882,4364000.0,4321000.0,0.5495,0.75399572
2018-12-05 16:44:59,038, 1543995897000,4330000.0,0.0307,ASK,-127000.0,4457000.0,1543995897000000,1543995898978,4342000.0,999999999999,4331000.0,999999999999,15.54076567,9.19253075,4342000.0,4331000.0,0.9,0.2,4343000.0,4330000.0,2.033,3.49928673,4351000.0,4329000.0,4.9985,0.109,4352000.0,4328000.0,0.113648,1.24210081,4353000.0,4327000.0,0.07018835,0.1,4354000.0,4326000.0,6.43372932,1.227161,4355000.0,4325000.0,0.098,1.59003716,4357000.0,4324000.0,0.0442,0.19701061,4361000.0,4323000.0,0.3,0.62733562,4364000.0,4322000.0,0.5495,0.40059882
2018-12-05 16:45:00,155, 1543995897000,4330000.0,0.0307,ASK,-127000.0,4457000.0,1543995897000000,1543995899585,4342000.0,999999999999,4331000.0,999999999999,15.52476567,9.19253075,4342000.0,4331000.0,0.884,0.2,4343000.0,4330000.0,2.033,3.49928673,4351000.0,4329000.0,4.9985,0.109,4352000.0,4328000.0,0.113648,1.24210081,4353000.0,4327000.0,0.07018835,0.1,4354000.0,4326000.0,6.43372932,1.227161,4355000.0,4325000.0,0.098,1.59003716,4357000.0,4324000.0,0.0442,0.19701061,4361000.0,4323000.0,0.3,0.62733562,4364000.0,4322000.0,0.5495,0.40059882
2018-12-05 16:45:01,277, 1543995900000,4341000.0,0.01544409,BID,-116000.0,4457000.0,1543995900000002,1543995900831,4341000.0,999999999999,4331000.0,999999999999,15.65926567,9.19253075,4341000.0,4331000.0,0.9,0.2,4342000.0,4330000.0,0.868,4.39928673,4343000.0,4329000.0,1.833,0.109,4351000.0,4328000.0,4.9985,1.24210081,4352000.0,4327000.0,0.113648,0.1,4353000.0,4326000.0,0.07018835,0.327161,4354000.0,4325000.0,6.43372932,1.59003716,4355000.0,4324000.0,0.098,0.19701061,4357000.0,4323000.0,0.0442,0.62733562,4361000.0,4322000.0,0.3,0.40059882
2018-12-05 16:45:02,396, 1543995901000,4341000.0,0.00286649,BID,-116000.0,4457000.0,1543995901000006,1543995902008,4341000.0,999999999999,4330000.0,999999999999,15.62837749,9.68798438,4341000.0,4330000.0,0.86911182,4.34074464,4342000.0,4329000.0,0.868,0.109,4343000.0,4328000.0,1.833,1.24210081,4351000.0,4327000.0,4.9985,0.1,4352000.0,4326000.0,0.113648,0.327161,4353000.0,4325000.0,0.07018835,1.59003716,4354000.0,4324000.0,6.43372932,0.19701061,4355000.0,4323000.0,0.098,0.62733562,4357000.0,4322000.0,0.0442,0.40059882,4361000.0,4321000.0,0.3,0.75399572
2018-12-05 16:45:03,528, 1543995902000,4341000.0,0.069337,BID,-116000.0,4457000.0,1543995902000000,1543995903179,4341000.0,999999999999,4331000.0,999999999999,16.03548565,9.65058866,4341000.0,4331000.0,0.79690833,0.2,4342000.0,4330000.0,0.868,4.34074464,4343000.0,4329000.0,1.833,0.109,4351000.0,4328000.0,4.9985,1.24210081,4352000.0,4327000.0,0.113648,0.1,4354000.0,4326000.0,6.43372932,0.327161,4355000.0,4325000.0,0.098,1.59003716,4357000.0,4324000.0,0.0442,0.71361061,4361000.0,4323000.0,0.3,0.62733562,4364000.0,4322000.0,0.5495,0.40059882
2018-12-05 16:45:04,640, 1543995904000,4338000.0,0.0158598,ASK,-119000.0,4457000.0,1543995904000000,1543995904351,4340000.0,999999999999,4338000.0,999999999999,16.26748565,8.07855872,4340000.0,4338000.0,0.9,0.01602286,4341000.0,4331000.0,0.79690833,0.2,4343000.0,4330000.0,2.033,5.24074464,4351000.0,4329000.0,4.9985,0.109,4352000.0,4328000.0,0.113648,0.34210081,4354000.0,4327000.0,6.43372932,0.1,4355000.0,4326000.0,0.098,0.327161,4357000.0,4325000.0,0.0442,0.40258318,4361000.0,4324000.0,0.3,0.71361061,4364000.0,4323000.0,0.5495,0.62733562
2018-12-05 16:45:05,762, 1543995905000,4331000.0,0.17163665,ASK,-126000.0,4457000.0,1543995905000001,1543995904882,4340000.0,999999999999,4338000.0,999999999999,16.26748565,8.06269892,4340000.0,4338000.0,0.9,0.00016306,4341000.0,4331000.0,0.79690833,0.2,4343000.0,4330000.0,2.033,5.24074464,4351000.0,4329000.0,4.9985,0.109,4352000.0,4328000.0,0.113648,0.34210081,4354000.0,4327000.0,6.43372932,0.1,4355000.0,4326000.0,0.098,0.327161,4357000.0,4325000.0,0.0442,0.40258318,4361000.0,4324000.0,0.3,0.71361061,4364000.0,4323000.0,0.5495,0.62733562
2018-12-05 16:45:06,883, 1543995906000,4330000.0,0.15,ASK,-127000.0,4457000.0,1543995906000000,1543995906444,4338000.0,999999999999,4330000.0,999999999999,15.52398565,8.07355886,4338000.0,4330000.0,0.006,4.28910799,4340000.0,4329000.0,0.9,0.109,4341000.0,4328000.0,0.79690833,0.34210081,4343000.0,4327000.0,1.833,0.1,4351000.0,4326000.0,4.9985,0.327161,4352000.0,4325000.0,0.113648,0.40258318,4354000.0,4324000.0,6.43372932,0.71361061,4355000.0,4323000.0,0.098,0.62733562,4357000.0,4322000.0,0.0442,0.40059882,4361000.0,4321000.0,0.3,0.76206083
2018-12-05 16:45:08,045, 1543995906000,4330000.0,0.15,ASK,-127000.0,4457000.0,1543995906000000,1543995907531,4338000.0,999999999999,4331000.0,999999999999,17.32398565,7.36149803,4338000.0,4331000.0,0.006,0.2,4340000.0,4330000.0,0.9,4.13910799,4341000.0,4329000.0,0.79690833,0.109,4343000.0,4328000.0,1.833,0.34210081,4344000.0,4327000.0,2.1,0.1,4351000.0,4326000.0,4.9985,0.327161,4352000.0,4325000.0,0.113648,0.40258318,4354000.0,4324000.0,6.43372932,0.71361061,4355000.0,4323000.0,0.098,0.62733562,4357000.0,4322000.0,0.0442,0.40059882
2018-12-05 16:45:09,173, 1543995906000,4330000.0,0.15,ASK,-127000.0,4457000.0,1543995906000000,1543995909050,4338000.0,999999999999,4331000.0,999999999999,17.70355226,7.59494836,4338000.0,4331000.0,0.18556661,0.43345033,4339000.0,4330000.0,0.9,4.13910799,4341000.0,4329000.0,0.79690833,0.109,4343000.0,4328000.0,1.833,0.34210081,4344000.0,4327000.0,2.3,0.1,4351000.0,4326000.0,4.9985,0.327161,4352000.0,4325000.0,0.113648,0.40258318,4354000.0,4324000.0,6.43372932,0.71361061,4355000.0,4323000.0,0.098,0.62733562,4357000.0,4322000.0,0.0442,0.40059882
2018-12-05 16:45:10,315, 1543995906000,4330000.0,0.15,ASK,-127000.0,4457000.0,1543995906000000,1543995910066,4338000.0,999999999999,4331000.0,999999999999,17.70355226,7.59494836,4338000.0,4331000.0,0.18556661,0.43345033,4339000.0,4330000.0,0.9,4.13910799,4341000.0,4329000.0,0.79690833,0.109,4343000.0,4328000.0,1.833,0.34210081,4344000.0,4327000.0,2.3,0.1,4351000.0,4326000.0,4.9985,0.327161,4352000.0,4325000.0,0.113648,0.40258318,4354000.0,4324000.0,6.43372932,0.71361061,4355000.0,4323000.0,0.098,0.62733562,4357000.0,4322000.0,0.0442,0.40059882
2018-12-05 16:45:11,423, 1543995906000,4330000.0,0.15,ASK,-127000.0,4457000.0,1543995906000000,1543995910665,4338000.0,999999999999,4332000.0,999999999999,17.50355226,7.19434954,4338000.0,4332000.0,0.18556661,0.2,4339000.0,4331000.0,0.9,0.23345033,4341000.0,4330000.0,0.79690833,4.13910799,4343000.0,4329000.0,1.833,0.109,4344000.0,4328000.0,2.1,0.34210081,4351000.0,4327000.0,4.9985,0.1,4352000.0,4326000.0,0.113648,0.327161,4354000.0,4325000.0,6.43372932,0.40258318,4355000.0,4324000.0,0.098,0.71361061,4357000.0,4323000.0,0.0442,0.62733562
2018-12-05 16:45:12,539, 1543995911000,4332000.0,0.06252462,ASK,-125000.0,4457000.0,1543995911000000,1543995912060,4338000.0,999999999999,4332000.0,999999999999,17.22050943,7.13182492,4338000.0,4332000.0,0.18556661,1.03747538,4343000.0,4331000.0,1.833,0.23345033,4344000.0,4330000.0,2.1,3.23910799,4351000.0,4329000.0,4.9985,0.109,4352000.0,4328000.0,0.113648,0.34210081,4354000.0,4327000.0,6.43372932,0.1,4355000.0,4326000.0,0.098,0.327161,4364000.0,4325000.0,0.5495,0.40258318,4367000.0,4324000.0,0.90737706,0.71361061,4373000.0,4323000.0,0.00118844,0.62733562
2018-12-05 16:45:32,875, 1543995931000,4336000.0,0.06349554,ASK,-121000.0,4457000.0,1543995931000000,1543995931851,4338000.0,999999999999,4336000.0,999999999999,19.57268688,7.70664996,4338000.0,4336000.0,1.73574406,0.4803295,4339000.0,4331000.0,0.9,0.97857512,4343000.0,4330000.0,1.833,2.9478453,4344000.0,4329000.0,2.1,0.109,4351000.0,4328000.0,4.9985,0.34210081,4352000.0,4327000.0,0.113648,0.1,4354000.0,4326000.0,6.43372932,0.327161,4364000.0,4325000.0,0.5495,1.59003716,4367000.0,4324000.0,0.90737706,0.19701061,4373000.0,4323000.0,0.00118844,0.63459046
2018-12-05 16:45:33,989, 1543995933000,4336000.0,0.22747952,ASK,-121000.0,4457000.0,1543995933000000,1543995933756,4338000.0,999999999999,4336000.0,999999999999,19.77149844,7.43643492,4338000.0,4336000.0,1.73574406,0.45536891,4339000.0,4331000.0,0.9,0.93332067,4343000.0,4330000.0,1.833,2.7478453,4344000.0,4329000.0,2.1,0.109,4348000.0,4328000.0,0.2,0.34210081,4351000.0,4327000.0,4.9985,0.1,4352000.0,4326000.0,0.113648,0.327161,4354000.0,4325000.0,6.43372932,1.59003716,4364000.0,4324000.0,0.5495,0.19701061,4367000.0,4323000.0,0.90737706,0.63459046
2018-12-05 16:45:35,096, 1543995933000,4336000.0,0.22747952,ASK,-121000.0,4457000.0,1543995933000000,1543995934837,4338000.0,999999999999,4336000.0,999999999999,19.77149844,7.43643492,4338000.0,4336000.0,1.73574406,0.45536891,4339000.0,4331000.0,0.9,0.93332067,4343000.0,4330000.0,1.833,2.7478453,4344000.0,4329000.0,2.1,0.109,4348000.0,4328000.0,0.2,0.34210081,4351000.0,4327000.0,4.9985,0.1,4352000.0,4326000.0,0.113648,0.327161,4354000.0,4325000.0,6.43372932,1.59003716,4364000.0,4324000.0,0.5495,0.19701061,4367000.0,4323000.0,0.90737706,0.63459046
2018-12-05 16:45:36,395, 1543995935000,4336000.0,0.13512633,ASK,-121000.0,4457000.0,1543995935000000,1543995935741,4338000.0,999999999999,4336000.0,999999999999,19.57268688,6.58308974,4338000.0,4336000.0,1.73574406,0.01440294,4339000.0,4332000.0,0.9,2.0156913,4343000.0,4331000.0,1.833,0.03332067,4344000.0,4330000.0,2.1,1.8478453,4351000.0,4329000.0,4.9985,0.11551995,4352000.0,4328000.0,0.113648,0.34210081,4354000.0,4327000.0,6.43372932,0.1,4364000.0,4326000.0,0.5495,0.327161,4367000.0,4325000.0,0.90737706,1.59003716,4373000.0,4324000.0,0.00118844,0.19701061
2018-12-05 16:45:37,925, 1543995936000,4337000.0,0.00146647,BID,-120000.0,4457000.0,1543995936000001,1543995937607,4338000.0,999999999999,4337000.0,999999999999,20.47149844,6.59035601,4338000.0,4337000.0,1.73574406,0.00427688,4339000.0,4336000.0,0.9,0.01440294,4340000.0,4332000.0,0.9,2.0156913,4343000.0,4331000.0,1.833,0.03332067,4344000.0,4330000.0,2.1,2.0478453,4351000.0,4329000.0,4.9985,0.11551995,4352000.0,4328000.0,0.113648,0.34210081,4354000.0,4327000.0,6.43372932,0.1,4364000.0,4326000.0,0.5495,0.327161,4367000.0,4325000.0,0.90737706,1.59003716
2018-12-05 16:45:58,246, 1543995956000,4333000.0,0.00230627,BID,-124000.0,4457000.0,1543995956000001,1543995957556,4333000.0,999999999999,4330000.0,999999999999,16.2499597,8.92860381,4333000.0,4330000.0,1.76912109,1.85679988,4334000.0,4329000.0,0.022,0.11551995,4338000.0,4328000.0,0.47076129,0.34210081,4340000.0,4327000.0,0.2,0.20272429,4344000.0,4326000.0,2.1,0.827161,4347000.0,4325000.0,0.098,1.79003716,4349000.0,4324000.0,0.0442,1.09701061,4351000.0,4323000.0,4.9985,1.53459046,4352000.0,4322000.0,0.113648,0.40059882,4354000.0,4321000.0,6.43372932,0.76206083
2018-12-05 16:45:59,366, 1543995956000,4333000.0,0.00230627,BID,-124000.0,4457000.0,1543995956000001,1543995959103,4332000.0,999999999999,4330000.0,999999999999,9.86504238,8.92860381,4332000.0,4330000.0,1.8,1.85679988,4333000.0,4329000.0,0.01793309,0.11551995,4334000.0,4328000.0,0.022,0.34210081,4338000.0,4327000.0,0.47076129,0.20272429,4339000.0,4326000.0,0.2,0.827161,4344000.0,4325000.0,2.1,1.79003716,4347000.0,4324000.0,0.098,1.09701061,4349000.0,4323000.0,0.0442,1.53459046,4351000.0,4322000.0,4.9985,0.40059882,4352000.0,4321000.0,0.113648,0.76206083
2018-12-05 16:46:00,483, 1543995959000,4331000.0,0.01818756,ASK,-126000.0,4457000.0,1543995959000002,1543995959891,4332000.0,999999999999,4331000.0,999999999999,9.86504238,8.84564298,4332000.0,4331000.0,1.8,1.5791,4333000.0,4330000.0,0.01793309,1.85679988,4334000.0,4329000.0,0.022,0.11551995,4338000.0,4328000.0,0.47076129,0.34210081,4339000.0,4327000.0,0.2,0.20272429,4344000.0,4326000.0,2.1,0.827161,4347000.0,4325000.0,0.098,1.79003716,4349000.0,4324000.0,0.0442,1.09701061,4351000.0,4323000.0,4.9985,0.63459046,4352000.0,4322000.0,0.113648,0.40059882
2018-12-05 16:46:01,606, 1543995960000,4330000.0,0.39908756,ASK,-127000.0,4457000.0,1543995960000001,1543995961193,4332000.0,999999999999,4330000.0,999999999999,9.86504238,8.52951625,4332000.0,4330000.0,1.8,1.45771232,4333000.0,4329000.0,0.01793309,0.11551995,4334000.0,4328000.0,0.022,0.34210081,4338000.0,4327000.0,0.47076129,0.20272429,4339000.0,4326000.0,0.2,0.827161,4344000.0,4325000.0,2.1,1.79003716,4347000.0,4324000.0,0.098,1.99701061,4349000.0,4323000.0,0.0442,0.63459046,4351000.0,4322000.0,4.9985,0.40059882,4352000.0,4321000.0,0.113648,0.76206083
2018-12-05 16:46:02,734, 1543995962000,4330000.0,0.06828136,ASK,-127000.0,4457000.0,1543995962000000,1543995961886,4331000.0,999999999999,4330000.0,999999999999,9.87057389,8.52951625,4331000.0,4330000.0,0.11917951,1.45771232,4332000.0,4329000.0,1.8,0.11551995,4333000.0,4328000.0,0.01793309,0.34210081,4334000.0,4327000.0,0.022,0.20272429,4338000.0,4326000.0,0.47076129,0.827161,4339000.0,4325000.0,0.2,1.79003716,4344000.0,4324000.0,2.1,1.99701061,4347000.0,4323000.0,0.098,0.63459046,4349000.0,4322000.0,0.0442,0.40059882,4351000.0,4321000.0,4.9985,0.76206083
2018-12-05 16:46:03,843, 1543995963000,4331000.0,0.1192,BID,-126000.0,4457000.0,1543995963000000,1543995963464,4331000.0,999999999999,4330000.0,999999999999,16.58785121,8.04275181,4331000.0,4330000.0,1.56157951,0.97094788,4333000.0,4329000.0,0.01793309,0.11551995,4338000.0,4328000.0,0.67076129,0.34210081,4344000.0,4327000.0,2.1,0.20272429,4347000.0,4326000.0,0.098,0.827161,4349000.0,4325000.0,0.0442,1.79003716,4351000.0,4324000.0,4.9985,1.99701061,4352000.0,4323000.0,0.113648,0.63459046,4354000.0,4322000.0,6.43372932,0.40059882,4364000.0,4321000.0,0.5495,0.76206083
2018-12-05 16:46:04,956, 1543995963000,4331000.0,0.01,BID,-126000.0,4457000.0,1543995963000002,1543995964151,4331000.0,999999999999,4330000.0,999999999999,16.33945121,8.04275181,4331000.0,4330000.0,1.31317951,0.97094788,4333000.0,4329000.0,0.01793309,0.11551995,4338000.0,4328000.0,0.67076129,0.34210081,4344000.0,4327000.0,2.1,0.20272429,4347000.0,4326000.0,0.098,0.827161,4349000.0,4325000.0,0.0442,1.79003716,4351000.0,4324000.0,4.9985,1.99701061,4352000.0,4323000.0,0.113648,0.63459046,4354000.0,4322000.0,6.43372932,0.40059882,4364000.0,4321000.0,0.5495,0.76206083
2018-12-05 16:46:25,091, 1543995984000,4331000.0,0.00017461,BID,-126000.0,4457000.0,1543995984000000,1543995984410,4331000.0,999999999999,4327000.0,999999999999,16.65756723,11.39842344,4331000.0,4327000.0,0.00017461,2.5006,4334000.0,4326000.0,0.49157695,0.45873872,4337000.0,4325000.0,0.4193,2.54942603,4338000.0,4324000.0,0.34376129,0.19701061,4344000.0,4323000.0,2.1,0.63459046,4351000.0,4322000.0,4.9985,0.40059882,4352000.0,4321000.0,0.413648,0.73891804,4354000.0,4320000.0,6.43372932,3.35025722,4364000.0,4319000.0,0.5495,0.05976338,4367000.0,4318000.0,0.90737706,0.50852016
2018-12-05 16:46:45,303, 1543996004000,4339000.0,0.07817075,BID,-118000.0,4457000.0,1543996004000001,1543996005056,4339000.0,999999999999,4333000.0,999999999999,19.15564774,12.09263047,4339000.0,4333000.0,1.69879336,0.9,4341000.0,4332000.0,1.854,0.96453634,4344000.0,4331000.0,2.1,0.9,4351000.0,4330000.0,5.0965,0.01,4352000.0,4329000.0,0.113648,0.30020349,4353000.0,4327000.0,0.0442,0.20023363,4354000.0,4326000.0,6.43372932,4.93306963,4363000.0,4325000.0,0.3579,3.05298631,4364000.0,4324000.0,0.5495,0.19701061,4367000.0,4323000.0,0.90737706,0.63459046
2018-12-05 16:46:46,545, 1543996005000,4333000.0,0.20965692,ASK,-124000.0,4457000.0,1543996005000001,1543996005857,4339000.0,999999999999,4338000.0,999999999999,17.50164774,16.74804001,4339000.0,4338000.0,1.69879336,0.29,4344000.0,4333000.0,2.1,0.9,4349000.0,4332000.0,0.2,5.96453634,4351000.0,4331000.0,5.0965,0.9,4352000.0,4330000.0,0.113648,0.01,4353000.0,4329000.0,0.0442,0.30020349,4354000.0,4327000.0,6.43372932,0.20023363,4363000.0,4326000.0,0.3579,4.93306963,4364000.0,4325000.0,0.5495,3.05298631,4367000.0,4324000.0,0.90737706,0.19701061
2018-12-05 16:46:47,969, 1543996005000,4333000.0,0.20965692,ASK,-124000.0,4457000.0,1543996005000001,1543996007344,4339000.0,999999999999,4333000.0,999999999999,17.87493042,19.7794119,4339000.0,4333000.0,1.69879336,2.41644308,4343000.0,4332000.0,1.892,5.13843634,4351000.0,4330000.0,4.9985,2.23607454,4352000.0,4329000.0,0.113648,0.56996848,4353000.0,4327000.0,0.0442,0.20023363,4354000.0,4326000.0,6.43372932,4.93306963,4363000.0,4325000.0,0.3579,3.05298631,4364000.0,4324000.0,0.5495,0.19701061,4367000.0,4323000.0,0.90737706,0.63459046,4370000.0,4322000.0,0.87928268,0.40059882
2018-12-05 16:46:49,079, 1543996005000,4333000.0,0.20965692,ASK,-124000.0,4457000.0,1543996005000001,1543996008731,4339000.0,999999999999,4333000.0,999999999999,15.98411886,18.26296882,4339000.0,4333000.0,1.69879336,0.9,4351000.0,4332000.0,4.9985,5.13843634,4352000.0,4330000.0,0.113648,2.23607454,4353000.0,4329000.0,0.0442,0.56996848,4354000.0,4327000.0,6.43372932,0.20023363,4363000.0,4326000.0,0.3579,4.93306963,4364000.0,4325000.0,0.5495,3.05298631,4367000.0,4324000.0,0.90737706,0.19701061,4370000.0,4323000.0,0.87928268,0.63459046,4373000.0,4322000.0,0.00118844,0.40059882
2018-12-05 16:46:50,188, 1543996005000,4333000.0,0.20965692,ASK,-124000.0,4457000.0,1543996005000001,1543996009881,4339000.0,999999999999,4334000.0,999999999999,17.50164774,18.68847,4339000.0,4334000.0,1.69879336,0.8261,4344000.0,4333000.0,2.1,0.9,4349000.0,4332000.0,0.298,5.13843634,4351000.0,4330000.0,4.9985,2.23607454,4352000.0,4329000.0,0.113648,0.56996848,4353000.0,4327000.0,0.0442,0.20023363,4354000.0,4326000.0,6.43372932,4.93306963,4363000.0,4325000.0,0.3579,3.05298631,4364000.0,4324000.0,0.5495,0.19701061,4367000.0,4323000.0,0.90737706,0.63459046
2018-12-05 16:46:51,302, 1543996005000,4333000.0,0.20965692,ASK,-124000.0,4457000.0,1543996005000001,1543996011094,4339000.0,999999999999,4333000.0,999999999999,17.27464774,19.06052789,4339000.0,4333000.0,1.69879336,1.9261,4343000.0,4332000.0,1.873,5.16150895,4349000.0,4330000.0,0.298,2.23607454,4351000.0,4329000.0,4.9985,0.60807756,4352000.0,4327000.0,0.113648,0.20023363,4353000.0,4326000.0,0.0442,4.64306963,4354000.0,4325000.0,6.43372932,3.05298631,4363000.0,4324000.0,0.3579,0.19728799,4364000.0,4323000.0,0.5495,0.63459046,4367000.0,4322000.0,0.90737706,0.40059882
2018-12-05 16:46:52,422, 1543996005000,4333000.0,0.20965692,ASK,-124000.0,4457000.0,1543996005000001,1543996011788,4339000.0,999999999999,4333000.0,999999999999,18.36927068,19.06052789,4339000.0,4333000.0,1.69879336,1.9261,4342000.0,4332000.0,2.1,5.16150895,4343000.0,4330000.0,1.873,2.23607454,4349000.0,4329000.0,0.2,0.60807756,4351000.0,4327000.0,4.9985,0.20023363,4352000.0,4326000.0,0.113648,4.64306963,4353000.0,4325000.0,0.0442,3.05298631,4354000.0,4324000.0,6.43372932,0.19728799,4363000.0,4323000.0,0.3579,0.63459046,4364000.0,4322000.0,0.5495,0.40059882
2018-12-05 16:46:53,547, 1543996005000,4333000.0,0.20965692,ASK,-124000.0,4457000.0,1543996005000001,1543996013291,4339000.0,999999999999,4333000.0,999999999999,16.85546172,24.56022907,4339000.0,4333000.0,1.69879336,6.9261,4342000.0,4332000.0,2.1,5.16150895,4344000.0,4331000.0,0.35919104,0.9,4349000.0,4330000.0,0.2,2.23607454,4351000.0,4329000.0,4.9985,0.60807756,4352000.0,4327000.0,0.113648,0.20023363,4353000.0,4326000.0,0.0442,4.64306963,4354000.0,4325000.0,6.43372932,3.05298631,4363000.0,4324000.0,0.3579,0.19758799,4364000.0,4323000.0,0.5495,0.63459046
2018-12-05 16:46:54,669, 1543996013000,4333000.0,0.48929349,ASK,-124000.0,4457000.0,1543996013000000,1543996014541,4339000.0,999999999999,4333000.0,999999999999,16.40716836,23.47794494,4339000.0,4333000.0,0.9,5.84381587,4341000.0,4332000.0,0.9,5.16150895,4342000.0,4331000.0,2.1,0.9,4344000.0,4330000.0,0.35919104,2.23607454,4349000.0,4329000.0,0.2,0.60807756,4351000.0,4327000.0,4.9985,0.20023363,4352000.0,4326000.0,0.113648,4.64306963,4353000.0,4325000.0,0.0442,3.05298631,4354000.0,4324000.0,6.43372932,0.19758799,4363000.0,4323000.0,0.3579,0.63459046
2018-12-05 16:46:55,783, 1543996013000,4333000.0,0.48929349,ASK,-124000.0,4457000.0,1543996013000000,1543996015067,4339000.0,999999999999,4333000.0,999999999999,18.00666836,23.47794494,4339000.0,4333000.0,0.9,5.84381587,4342000.0,4332000.0,3.952,5.16150895,4344000.0,4331000.0,0.35919104,0.9,4349000.0,4330000.0,0.2,2.23607454,4351000.0,4329000.0,5.0965,0.60807756,4352000.0,4327000.0,0.113648,0.20023363,4353000.0,4326000.0,0.0442,4.64306963,4354000.0,4325000.0,6.43372932,3.05298631,4363000.0,4324000.0,0.3579,0.19758799,4364000.0,4323000.0,0.5495,0.63459046
2018-12-05 16:46:56,917, 1543996015000,4333000.0,0.38929349,ASK,-124000.0,4457000.0,1543996015000002,1543996016563,4339000.0,999999999999,4333000.0,999999999999,18.18046836,20.25221665,4339000.0,4333000.0,0.9,4.84416212,4341000.0,4332000.0,0.3738,5.16150895,4342000.0,4331000.0,3.952,0.9,4344000.0,4330000.0,0.35919104,0.01,4351000.0,4329000.0,5.0965,0.60807756,4352000.0,4327000.0,0.113648,0.20023363,4353000.0,4326000.0,0.0442,4.64306963,4354000.0,4325000.0,6.43372932,3.05298631,4363000.0,4324000.0,0.3579,0.19758799,4364000.0,4323000.0,0.5495,0.63459046
2018-12-05 16:46:58,030, 1543996016000,4339000.0,0.0894,BID,-118000.0,4457000.0,1543996016000001,1543996017438,4339000.0,999999999999,4333000.0,999999999999,18.09106836,19.27249364,4339000.0,4333000.0,0.8106,3.86416212,4341000.0,4332000.0,0.3738,5.16150895,4342000.0,4331000.0,3.952,0.9,4344000.0,4330000.0,0.35919104,0.01027699,4351000.0,4329000.0,5.0965,0.60807756,4352000.0,4327000.0,0.113648,0.20023363,4353000.0,4326000.0,0.0442,4.64306963,4354000.0,4325000.0,6.43372932,3.05298631,4363000.0,4324000.0,0.3579,0.19758799,4364000.0,4323000.0,0.5495,0.63459046
2018-12-05 16:46:59,148, 1543996017000,4339000.0,0.0832278,BID,-118000.0,4457000.0,1543996017000000,1543996018840,4340000.0,999999999999,4334000.0,999999999999,17.6971281,14.00186968,4340000.0,4334000.0,0.9,0.2,4342000.0,4333000.0,2.1,3.86416212,4344000.0,4332000.0,0.35919104,5.13843634,4351000.0,4331000.0,5.0965,0.9,4352000.0,4330000.0,0.113648,0.01027699,4354000.0,4329000.0,6.43372932,0.40807756,4363000.0,4327000.0,0.3579,0.20023363,4364000.0,4326000.0,0.5495,0.03010874,4367000.0,4325000.0,0.90737706,3.05298631,4370000.0,4324000.0,0.87928268,0.19758799
2018-12-05 16:47:00,263, 1543996019000,4334000.0,0.016,ASK,-123000.0,4457000.0,1543996019000000,1543996020099,4340000.0,999999999999,4334000.0,999999999999,17.01784542,14.81196968,4340000.0,4334000.0,0.9,1.0101,4342000.0,4333000.0,2.1,3.86416212,4344000.0,4332000.0,0.35919104,5.13843634,4348000.0,4331000.0,0.2,0.9,4351000.0,4330000.0,5.0965,0.01027699,4352000.0,4329000.0,0.113648,0.40807756,4354000.0,4327000.0,6.43372932,0.20023363,4363000.0,4326000.0,0.3579,0.03010874,4364000.0,4325000.0,0.5495,3.05298631,4367000.0,4324000.0,0.90737706,0.19758799
2018-12-05 16:47:01,376, 1543996019000,4334000.0,0.016,ASK,-123000.0,4457000.0,1543996019000000,1543996020828,4340000.0,999999999999,4334000.0,999999999999,18.98304542,15.71196968,4340000.0,4334000.0,0.95,1.0101,4342000.0,4333000.0,3.971,3.86416212,4344000.0,4332000.0,0.35919104,5.13843634,4348000.0,4331000.0,0.2,1.8,4351000.0,4330000.0,5.0965,0.01027699,4352000.0,4329000.0,0.157848,0.40807756,4354000.0,4327000.0,6.43372932,0.20023363,4363000.0,4326000.0,0.3579,0.03010874,4364000.0,4325000.0,0.5495,3.05298631,4367000.0,4324000.0,0.90737706,0.19758799
2018-12-05 16:47:21,525, 1543996037000,4343000.0,0.1009,BID,-114000.0,4457000.0,1543996037000001,1543996040823,4344000.0,999999999999,4341000.0,999999999999,18.40831654,12.51458788,4344000.0,4341000.0,2.15919104,0.004,4351000.0,4336000.0,6.9085,1.8,4352000.0,4335000.0,0.113648,0.5501,4354000.0,4334000.0,6.43372932,0.80542601,4359000.0,4333000.0,0.098,3.63105276,4363000.0,4332000.0,0.3579,5.2,4364000.0,4331000.0,0.5495,0.08605494,4367000.0,4330000.0,0.90737706,0.00027699,4370000.0,4329000.0,0.87928268,0.3974,4373000.0,4327000.0,0.00118844,0.04027718
2018-12-05 16:47:22,649, 1543996042000,4333000.0,0.03217399,ASK,-124000.0,4457000.0,1543996042000000,1543996042042,4343000.0,999999999999,4333000.0,999999999999,19.3953281,13.60892897,4343000.0,4333000.0,0.7882,3.59887877,4344000.0,4332000.0,2.15919104,5.2,4351000.0,4331000.0,6.9085,0.08605494,4352000.0,4330000.0,0.113648,0.00027699,4354000.0,4329000.0,6.63372932,0.3974,4359000.0,4327000.0,0.098,0.04027718,4363000.0,4325000.0,0.3579,3.05298631,4364000.0,4324000.0,0.5495,0.19758799,4367000.0,4323000.0,0.90737706,0.63459046,4370000.0,4322000.0,0.87928268,0.40087633
2018-12-05 16:47:23,787, 1543996042000,4333000.0,0.16,ASK,-124000.0,4457000.0,1543996042000001,1543996043251,4343000.0,999999999999,4333000.0,999999999999,19.3953281,13.81662897,4343000.0,4333000.0,0.7882,3.59887877,4344000.0,4332000.0,2.15919104,5.2,4351000.0,4331000.0,6.9085,0.08605494,4352000.0,4330000.0,0.113648,0.00027699,4354000.0,4329000.0,6.63372932,0.3974,4359000.0,4327000.0,0.098,0.24797718,4363000.0,4325000.0,0.3579,3.05298631,4364000.0,4324000.0,0.5495,0.19758799,4367000.0,4323000.0,0.90737706,0.63459046,4370000.0,4322000.0,0.87928268,0.40087633
2018-12-05 16:47:24,902, 1543996044000,4333000.0,0.98,ASK,-124000.0,4457000.0,1543996044000000,1543996044705,4343000.0,999999999999,4333000.0,999999999999,21.4953281,12.67662897,4343000.0,4333000.0,0.7882,2.45887877,4344000.0,4332000.0,2.15919104,5.2,4351000.0,4331000.0,6.9085,0.08605494,4352000.0,4330000.0,2.213648,0.00027699,4354000.0,4329000.0,6.63372932,0.3974,4359000.0,4327000.0,0.098,0.24797718,4363000.0,4325000.0,0.3579,3.05298631,4364000.0,4324000.0,0.5495,0.19758799,4367000.0,4323000.0,0.90737706,0.63459046,4370000.0,4322000.0,0.87928268,0.40087633
2018-12-05 16:47:26,118, 1543996045000,4333000.0,0.98,ASK,-124000.0,4457000.0,1543996045000000,1543996045528,4342000.0,999999999999,4333000.0,999999999999,20.61604542,10.51662897,4342000.0,4333000.0,0.9,0.49887877,4343000.0,4332000.0,0.7882,5.0,4344000.0,4331000.0,1.25919104,0.08605494,4351000.0,4330000.0,6.9085,0.00027699,4352000.0,4329000.0,2.413648,0.3974,4354000.0,4327000.0,6.43372932,0.24797718,4359000.0,4325000.0,0.098,3.05298631,4363000.0,4324000.0,0.3579,0.19758799,4364000.0,4323000.0,0.5495,0.63459046,4367000.0,4322000.0,0.90737706,0.40087633
2018-12-05 16:47:27,233, 1543996046000,4332000.0,0.48112123,ASK,-125000.0,4457000.0,1543996046000002,1543996046176,4342000.0,999999999999,4333000.0,999999999999,20.61604542,11.41662897,4342000.0,4333000.0,0.9,0.49887877,4343000.0,4332000.0,0.7882,5.9,4344000.0,4331000.0,1.25919104,0.08605494,4351000.0,4330000.0,6.9085,0.00027699,4352000.0,4329000.0,2.413648,0.3974,4354000.0,4327000.0,6.43372932,0.24797718,4359000.0,4325000.0,0.098,3.05298631,4363000.0,4324000.0,0.3579,0.19758799,4364000.0,4323000.0,0.5495,0.63459046,4367000.0,4322000.0,0.90737706,0.40087633
2018-12-05 16:47:47,383, 1543996064000,4341000.0,0.016,BID,-116000.0,4457000.0,1543996064000002,1543996067089,4341000.0,999999999999,4335000.0,999999999999,18.18421007,20.31201991,4341000.0,4335000.0,1.42016465,0.40466308,4342000.0,4334000.0,0.9,3.16997347,4344000.0,4333000.0,0.35919104,4.91729479,4351000.0,4332000.0,4.9985,5.0,4352000.0,4331000.0,2.213648,0.08605494,4354000.0,4330000.0,6.43372932,2.30859169,4358000.0,4327000.0,0.0442,0.54027718,4363000.0,4325000.0,0.3579,3.05298631,4364000.0,4324000.0,0.5495,0.19758799,4367000.0,4323000.0,0.90737706,0.63459046
2018-12-05 16:47:48,490, 1543996068000,4341000.0,0.58783535,ASK,-116000.0,4457000.0,1543996068000000,1543996068359,4340000.0,999999999999,4335000.0,999999999999,16.84201007,21.21201991,4340000.0,4335000.0,0.07796465,0.40466308,4342000.0,4334000.0,0.9,3.16997347,4344000.0,4333000.0,0.35919104,4.91729479,4351000.0,4332000.0,4.9985,5.9,4352000.0,4331000.0,2.213648,0.08605494,4354000.0,4330000.0,6.43372932,2.30859169,4358000.0,4327000.0,0.0442,0.54027718,4363000.0,4325000.0,0.3579,3.05298631,4364000.0,4324000.0,0.5495,0.19758799,4367000.0,4323000.0,0.90737706,0.63459046
2018-12-05 16:47:49,599, 1543996069000,4336000.0,0.98,ASK,-121000.0,4457000.0,1543996069000000,1543996069222,4342000.0,999999999999,4336000.0,999999999999,16.96404542,17.86491991,4342000.0,4336000.0,0.9,0.181,4344000.0,4334000.0,0.35919104,2.57463655,4349000.0,4333000.0,0.2,3.11729479,4351000.0,4332000.0,4.9985,5.0,4352000.0,4331000.0,2.213648,0.08605494,4354000.0,4330000.0,6.43372932,2.30859169,4358000.0,4327000.0,0.0442,0.54027718,4363000.0,4325000.0,0.3579,3.05298631,4364000.0,4324000.0,0.5495,0.19758799,4367000.0,4323000.0,0.90737706,0.80649046
2018-12-05 16:47:50,709, 1543996070000,4334000.0,0.40536345,ASK,-123000.0,4457000.0,1543996070000000,1543996070551,4340000.0,999999999999,4334000.0,999999999999,15.69681061,17.10479624,4340000.0,4334000.0,0.01124225,1.59463655,4341000.0,4333000.0,0.5289,3.11729479,4344000.0,4332000.0,0.35919104,5.0,4349000.0,4331000.0,0.2,0.08605494,4351000.0,4330000.0,4.9985,2.30859169,4352000.0,4327000.0,2.213648,0.54027718,4354000.0,4325000.0,6.43372932,3.05298631,4358000.0,4324000.0,0.0442,0.19758799,4363000.0,4323000.0,0.3579,0.80649046,4364000.0,4322000.0,0.5495,0.40087633
2018-12-05 16:47:51,815, 1543996070000,4334000.0,0.98,ASK,-123000.0,4457000.0,1543996070000001,1543996071336,4340000.0,999999999999,4334000.0,999999999999,17.54141061,16.12479624,4340000.0,4334000.0,0.01124225,0.61463655,4342000.0,4333000.0,0.9,3.11729479,4343000.0,4332000.0,0.5289,5.0,4344000.0,4331000.0,0.35919104,0.08605494,4346000.0,4330000.0,1.852,2.30859169,4349000.0,4327000.0,0.2,0.54027718,4351000.0,4325000.0,4.9985,3.05298631,4352000.0,4324000.0,2.213648,0.19758799,4354000.0,4323000.0,6.43372932,0.80649046,4358000.0,4322000.0,0.0442,0.40087633
2018-12-05 16:47:52,917, 1543996071000,4333000.0,0.36536345,ASK,-124000.0,4457000.0,1543996071000001,1543996072571,4334000.0,999999999999,4333000.0,999999999999,16.74794647,15.60131898,4334000.0,4333000.0,0.00063586,2.75193134,4340000.0,4332000.0,0.01124225,5.0,4341000.0,4331000.0,0.5289,0.08605494,4342000.0,4330000.0,1.8,2.74511443,4344000.0,4327000.0,0.35919104,0.54027718,4351000.0,4326000.0,4.9985,0.02,4352000.0,4325000.0,2.213648,3.05298631,4354000.0,4324000.0,6.43372932,0.19758799,4358000.0,4323000.0,0.0442,0.80649046,4363000.0,4322000.0,0.3579,0.40087633
2018-12-05 16:47:54,025, 1543996071000,4333000.0,0.36536345,ASK,-124000.0,4457000.0,1543996071000001,1543996073773,4334000.0,999999999999,4333000.0,999999999999,16.74794647,15.42941898,4334000.0,4333000.0,0.00063586,2.75193134,4340000.0,4332000.0,0.01124225,5.0,4341000.0,4331000.0,0.5289,0.08605494,4342000.0,4330000.0,1.8,2.74511443,4344000.0,4327000.0,0.35919104,0.54027718,4351000.0,4326000.0,4.9985,0.02,4352000.0,4325000.0,2.213648,3.05298631,4354000.0,4324000.0,6.43372932,0.19758799,4358000.0,4323000.0,0.0442,0.63459046,4363000.0,4322000.0,0.3579,0.40087633
2018-12-05 16:47:55,135, 1543996071000,4333000.0,0.36536345,ASK,-124000.0,4457000.0,1543996071000001,1543996074980,4334000.0,999999999999,4333000.0,999999999999,17.05100109,16.32941898,4334000.0,4333000.0,0.00063586,2.75193134,4340000.0,4332000.0,0.11429687,5.0,4341000.0,4331000.0,0.5289,0.08605494,4342000.0,4330000.0,1.8,2.74511443,4344000.0,4327000.0,0.55919104,1.44027718,4351000.0,4326000.0,4.9985,0.02,4352000.0,4325000.0,2.213648,3.05298631,4354000.0,4324000.0,6.43372932,0.19758799,4358000.0,4323000.0,0.0442,0.63459046,4363000.0,4322000.0,0.3579,0.40087633
2018-12-05 16:47:56,250, 1543996071000,4333000.0,0.36536345,ASK,-124000.0,4457000.0,1543996071000001,1543996075537,4334000.0,999999999999,4333000.0,999999999999,17.05100109,16.32941898,4334000.0,4333000.0,0.00063586,2.75193134,4339000.0,4332000.0,0.5289,5.0,4340000.0,4331000.0,0.11429687,0.08605494,4342000.0,4330000.0,1.8,2.74511443,4344000.0,4327000.0,0.55919104,1.44027718,4351000.0,4326000.0,4.9985,0.02,4352000.0,4325000.0,2.213648,3.05298631,4354000.0,4324000.0,6.43372932,0.19758799,4358000.0,4323000.0,0.0442,0.63459046,4363000.0,4322000.0,0.3579,0.40087633
2018-12-05 16:48:16,425, 1543996076000,4336000.0,0.00436414,BID,-121000.0,4457000.0,1543996076000001,1543996096116,4335000.0,999999999999,4334000.0,999999999999,18.5965128,13.82267033,4335000.0,4334000.0,1.79130219,0.19531759,4340000.0,4333000.0,0.01124225,2.18447608,4341000.0,4332000.0,1.833,5.08735588,4344000.0,4331000.0,0.35919104,0.16468127,4345000.0,4330000.0,0.2,2.49221476,4351000.0,4329000.0,5.0965,0.08522863,4352000.0,4328000.0,2.213648,0.02999862,4354000.0,4327000.0,6.43372932,1.42027718,4355000.0,4325000.0,0.3,1.86553233,4363000.0,4324000.0,0.3579,0.29758799
2018-12-05 16:48:17,702, 1543996097000,4334000.0,0.00141051,ASK,-123000.0,4457000.0,1543996097000000,1543996097376,4335000.0,999999999999,4334000.0,999999999999,18.69959742,14.29507183,4335000.0,4334000.0,1.89435681,0.06530708,4340000.0,4333000.0,0.01124225,2.18447608,4341000.0,4332000.0,1.833,5.08735588,4344000.0,4331000.0,0.35919104,0.16468127,4345000.0,4330000.0,0.2,2.49221476,4350000.0,4329000.0,0.35793,0.08522863,4351000.0,4328000.0,5.0965,0.02999862,4352000.0,4327000.0,2.213648,1.42027718,4354000.0,4326000.0,6.43372932,0.9,4355000.0,4325000.0,0.3,1.86553233
2018-12-05 16:48:18,824, 1543996097000,4334000.0,0.00141051,ASK,-123000.0,4457000.0,1543996097000000,1543996098564,4334000.0,999999999999,4333000.0,999999999999,16.30655566,13.41928972,4334000.0,4333000.0,0.065,2.18447608,4335000.0,4332000.0,1.04041505,5.08735588,4340000.0,4331000.0,0.01124225,0.16468127,4343000.0,4330000.0,0.5289,2.49221476,4344000.0,4329000.0,0.35919104,0.14257515,4345000.0,4328000.0,0.2,0.02999862,4350000.0,4327000.0,0.35793,0.52027718,4351000.0,4325000.0,5.0965,1.86553233,4352000.0,4324000.0,2.213648,0.29758799,4354000.0,4323000.0,6.43372932,0.63459046
2018-12-05 16:48:19,956, 1543996099000,4333000.0,0.03515834,ASK,-124000.0,4457000.0,1543996099000002,1543996099107,4334000.0,999999999999,4333000.0,999999999999,17.20655566,13.41928972,4334000.0,4333000.0,1.865,2.18447608,4335000.0,4332000.0,0.14041505,5.08735588,4340000.0,4331000.0,0.01124225,0.16468127,4343000.0,4330000.0,0.5289,2.49221476,4344000.0,4329000.0,0.35919104,0.14257515,4345000.0,4328000.0,0.2,0.02999862,4350000.0,4327000.0,0.35793,0.52027718,4351000.0,4325000.0,5.0965,1.86553233,4352000.0,4324000.0,2.213648,0.29758799,4354000.0,4323000.0,6.43372932,0.63459046
2018-12-05 16:48:21,073, 1543996100000,4334000.0,0.12209659,BID,-123000.0,4457000.0,1543996100000001,1543996100419,4334000.0,999999999999,4333000.0,999999999999,17.34505907,13.38413138,4334000.0,4333000.0,1.83030341,2.14931774,4335000.0,4332000.0,0.14041505,5.08735588,4340000.0,4331000.0,0.01124225,0.16468127,4344000.0,4330000.0,0.55919104,2.49221476,4350000.0,4329000.0,0.35793,0.14257515,4351000.0,4328000.0,5.1407,0.02999862,4352000.0,4327000.0,2.213648,0.52027718,4354000.0,4325000.0,6.43372932,1.86553233,4355000.0,4324000.0,0.3,0.29758799,4363000.0,4323000.0,0.3579,0.63459046
2018-12-05 16:48:22,194, 1543996101000,4334000.0,0.02310817,BID,-123000.0,4457000.0,1543996101000002,1543996101237,4334000.0,999999999999,4333000.0,999999999999,17.19265907,13.44813138,4334000.0,4333000.0,1.67790341,2.21331774,4335000.0,4332000.0,0.14041505,5.08735588,4340000.0,4331000.0,0.01124225,0.16468127,4344000.0,4330000.0,0.55919104,2.49221476,4350000.0,4329000.0,0.35793,0.14257515,4351000.0,4328000.0,5.1407,0.02999862,4352000.0,4327000.0,2.213648,0.52027718,4354000.0,4325000.0,6.43372932,1.86553233,4355000.0,4324000.0,0.3,0.29758799,4363000.0,4323000.0,0.3579,0.63459046
2018-12-05 16:48:23,955, 1543996101000,4334000.0,0.02310817,BID,-123000.0,4457000.0,1543996101000002,1543996103358,4334000.0,999999999999,4333000.0,999999999999,16.69058973,14.44574987,4334000.0,4333000.0,1.57793407,2.25931774,4335000.0,4332000.0,0.14041505,5.08735588,4340000.0,4331000.0,0.01124225,0.16468127,4343000.0,4330000.0,0.2,2.49221476,4344000.0,4329000.0,0.35919104,0.14257515,4350000.0,4328000.0,0.35793,0.02999862,4351000.0,4327000.0,5.0965,0.57189567,4352000.0,4325000.0,2.213648,1.86553233,4354000.0,4324000.0,6.43372932,0.29758799,4355000.0,4323000.0,0.3,1.53459046
2018-12-05 16:48:25,075, 1543996103000,4333000.0,0.008,ASK,-124000.0,4457000.0,1543996103000003,1543996104746,4335000.0,999999999999,4334000.0,999999999999,15.65933941,12.60002919,4335000.0,4334000.0,0.1375988,0.12840481,4340000.0,4333000.0,0.01124225,1.77331774,4343000.0,4332000.0,0.2,5.08735588,4344000.0,4331000.0,0.35919104,0.16468127,4350000.0,4330000.0,0.35793,2.49221476,4351000.0,4329000.0,5.0965,0.14257515,4352000.0,4328000.0,2.213648,0.02999862,4354000.0,4327000.0,6.43372932,0.57189567,4355000.0,4325000.0,0.3,1.9119973,4364000.0,4324000.0,0.5495,0.29758799
2018-12-05 16:48:26,188, 1543996104000,4334000.0,0.12840481,ASK,-123000.0,4457000.0,1543996104000005,1543996105568,4334000.0,999999999999,4333000.0,999999999999,12.44760528,14.90621484,4334000.0,4333000.0,0.77159519,1.77331774,4335000.0,4332000.0,1.0375988,5.08735588,4340000.0,4331000.0,0.01124225,0.16468127,4341000.0,4330000.0,1.871,2.49221476,4342000.0,4329000.0,0.5289,0.14257515,4343000.0,4328000.0,0.2,0.02999862,4344000.0,4327000.0,0.35919104,0.57189567,4350000.0,4325000.0,0.35793,1.9119973,4351000.0,4324000.0,5.0965,0.29758799,4352000.0,4323000.0,2.213648,2.43459046
2018-12-05 16:48:27,360, 1543996104000,4334000.0,0.12840481,ASK,-123000.0,4457000.0,1543996104000005,1543996106793,4334000.0,999999999999,4333000.0,999999999999,18.4524346,14.90621484,4334000.0,4333000.0,0.77159519,1.77331774,4335000.0,4332000.0,1.0375988,5.08735588,4340000.0,4331000.0,0.01124225,0.16468127,4341000.0,4330000.0,1.871,2.49221476,4344000.0,4329000.0,0.35919104,0.14257515,4350000.0,4328000.0,0.35793,0.02999862,4351000.0,4327000.0,5.0965,0.57189567,4352000.0,4325000.0,2.213648,1.9119973,4354000.0,4324000.0,6.43372932,0.29758799,4355000.0,4323000.0,0.3,2.43459046
2018-12-05 16:48:28,481, 1543996107000,4333000.0,0.0979,ASK,-124000.0,4457000.0,1543996107000000,1543996108148,4334000.0,999999999999,4333000.0,999999999999,18.4524346,14.90621484,4334000.0,4333000.0,0.77159519,1.77331774,4335000.0,4332000.0,1.0375988,5.08735588,4340000.0,4331000.0,0.01124225,0.16468127,4341000.0,4330000.0,1.871,2.49221476,4344000.0,4329000.0,0.35919104,0.14257515,4350000.0,4328000.0,0.35793,0.02999862,4351000.0,4327000.0,5.0965,0.57189567,4352000.0,4325000.0,2.213648,1.9119973,4354000.0,4324000.0,6.43372932,0.29758799,4355000.0,4323000.0,0.3,2.43459046
2018-12-05 16:48:29,601, 1543996108000,4333000.0,0.98,ASK,-124000.0,4457000.0,1543996108000000,1543996109009,4334000.0,999999999999,4333000.0,999999999999,18.34937998,14.19919255,4334000.0,4333000.0,0.77159519,0.69541774,4335000.0,4332000.0,0.93454418,5.08735588,4340000.0,4331000.0,0.01124225,0.16468127,4341000.0,4330000.0,1.871,2.49221476,4344000.0,4329000.0,0.35919104,0.14257515,4350000.0,4327000.0,0.35793,0.57189567,4351000.0,4325000.0,5.0965,1.9119973,4352000.0,4324000.0,2.213648,0.29758799,4354000.0,4323000.0,6.43372932,2.43459046,4355000.0,4322000.0,0.3,0.40087633
2018-12-05 16:48:30,726, 1543996109000,4334000.0,0.1,BID,-123000.0,4457000.0,1543996109000005,1543996110335,4334000.0,999999999999,4332000.0,999999999999,17.00922335,13.91211059,4334000.0,4332000.0,0.75293856,4.75677362,4335000.0,4331000.0,0.93454418,0.16468127,4340000.0,4330000.0,0.01124225,2.49221476,4344000.0,4329000.0,0.35919104,0.14257515,4350000.0,4327000.0,0.35793,0.57189567,4351000.0,4325000.0,5.0965,1.9119973,4352000.0,4324000.0,2.213648,0.29758799,4354000.0,4323000.0,6.43372932,2.43459046,4355000.0,4322000.0,0.3,0.40087633,4364000.0,4321000.0,0.5495,0.73891804
2018-12-05 16:48:31,959, 1543996110000,4333000.0,0.03607271,BID,-124000.0,4457000.0,1543996110000001,1543996111654,4333000.0,999999999999,4332000.0,999999999999,16.44547539,13.94210921,4333000.0,4332000.0,0.9366906,4.75677362,4334000.0,4331000.0,0.9,0.16468127,4335000.0,4330000.0,0.03454418,2.49221476,4340000.0,4329000.0,0.01124225,0.17257377,4342000.0,4327000.0,0.2,0.57189567,4344000.0,4325000.0,0.35919104,1.9119973,4350000.0,4324000.0,0.35793,0.29758799,4351000.0,4323000.0,4.9985,2.43459046,4352000.0,4322000.0,2.213648,0.40087633,4354000.0,4321000.0,6.43372932,0.73891804
2018-12-05 16:48:33,090, 1543996112000,4332000.0,0.98,ASK,-125000.0,4457000.0,1543996112000003,1543996112862,4333000.0,999999999999,4332000.0,999999999999,16.19672843,13.98393734,4333000.0,4332000.0,0.68794364,4.75677362,4334000.0,4331000.0,0.9,0.16468127,4335000.0,4330000.0,0.03454418,2.49221476,4340000.0,4329000.0,0.01124225,0.17257377,4342000.0,4327000.0,0.2,0.57189567,4344000.0,4325000.0,0.35919104,1.9119973,4350000.0,4324000.0,0.35793,0.29758799,4351000.0,4323000.0,4.9985,2.47641859,4352000.0,4322000.0,2.213648,0.40087633,4354000.0,4321000.0,6.43372932,0.73891804
2018-12-05 16:48:34,208, 1543996112000,4332000.0,0.98,ASK,-125000.0,4457000.0,1543996112000003,1543996113697,4333000.0,999999999999,4332000.0,999999999999,16.19672843,13.00393734,4333000.0,4332000.0,0.68794364,3.77677362,4334000.0,4331000.0,0.9,0.16468127,4335000.0,4330000.0,0.03454418,2.49221476,4340000.0,4329000.0,0.01124225,0.17257377,4342000.0,4327000.0,0.2,0.57189567,4344000.0,4325000.0,0.35919104,1.9119973,4350000.0,4324000.0,0.35793,0.29758799,4351000.0,4323000.0,4.9985,2.47641859,4352000.0,4322000.0,2.213648,0.40087633,4354000.0,4321000.0,6.43372932,0.73891804
2018-12-05 16:48:35,335, 1543996113000,4332000.0,0.17355208,ASK,-125000.0,4457000.0,1543996113000000,1543996114943,4333000.0,999999999999,4332000.0,999999999999,9.86099911,12.83038526,4333000.0,4332000.0,0.68794364,3.60322154,4334000.0,4331000.0,0.9,0.16468127,4335000.0,4330000.0,0.03454418,2.49221476,4340000.0,4329000.0,0.01124225,0.17257377,4342000.0,4327000.0,0.2,0.57189567,4344000.0,4325000.0,0.35919104,1.9119973,4345000.0,4324000.0,0.098,0.29758799,4350000.0,4323000.0,0.35793,2.47641859,4351000.0,4322000.0,4.9985,0.40087633,4352000.0,4321000.0,2.213648,0.73891804
2018-12-05 16:48:36,462, 1543996116000,4332000.0,0.18500111,ASK,-125000.0,4457000.0,1543996116000000,1543996116385,4333000.0,999999999999,4332000.0,999999999999,16.2678113,11.59495813,4333000.0,4332000.0,1.56102651,2.33012979,4335000.0,4331000.0,0.03454418,0.16468127,4340000.0,4330000.0,0.01124225,2.49221476,4341000.0,4329000.0,0.2,0.17257377,4344000.0,4327000.0,0.35919104,0.57189567,4345000.0,4325000.0,0.098,1.9119973,4350000.0,4324000.0,0.35793,2.09758799,4351000.0,4323000.0,4.9985,0.67641859,4352000.0,4322000.0,2.213648,0.40087633,4354000.0,4321000.0,6.43372932,0.77658266
2018-12-05 16:48:37,761, 1543996116000,4332000.0,0.18500111,ASK,-125000.0,4457000.0,1543996116000000,1543996117696,4333000.0,999999999999,4332000.0,999999999999,11.54408198,10.58653925,4333000.0,4332000.0,1.36102651,1.35170953,4335000.0,4331000.0,0.03454418,0.16468127,4337000.0,4330000.0,1.91,2.49221476,4340000.0,4329000.0,0.01124225,0.14257515,4341000.0,4327000.0,0.2,0.57189567,4344000.0,4325000.0,0.35919104,1.9119973,4345000.0,4324000.0,0.098,2.09758799,4350000.0,4323000.0,0.35793,0.67641859,4351000.0,4322000.0,4.9985,0.40087633,4352000.0,4321000.0,2.213648,0.77658266
2018-12-05 16:48:38,888, 1543996117000,4332000.0,0.4,ASK,-125000.0,4457000.0,1543996117000003,1543996118320,4333000.0,999999999999,4332000.0,999999999999,11.54408198,10.58653925,4333000.0,4332000.0,1.36102651,1.35170953,4335000.0,4331000.0,0.03454418,0.16468127,4337000.0,4330000.0,1.91,2.49221476,4340000.0,4329000.0,0.01124225,0.14257515,4341000.0,4327000.0,0.2,0.57189567,4344000.0,4325000.0,0.35919104,1.9119973,4345000.0,4324000.0,0.098,2.09758799,4350000.0,4323000.0,0.35793,0.67641859,4351000.0,4322000.0,4.9985,0.40087633,4352000.0,4321000.0,2.213648,0.77658266
2018-12-05 16:48:40,011, 1543996117000,4332000.0,0.4,ASK,-125000.0,4457000.0,1543996117000003,1543996119723,4333000.0,999999999999,4332000.0,999999999999,17.7778113,8.27822455,4333000.0,4332000.0,1.36102651,1.35170953,4335000.0,4331000.0,0.03454418,0.16468127,4337000.0,4330000.0,1.91,0.18390006,4340000.0,4329000.0,0.01124225,0.14257515,4344000.0,4327000.0,0.35919104,0.57189567,4345000.0,4325000.0,0.098,1.9119973,4350000.0,4324000.0,0.35793,2.09758799,4351000.0,4323000.0,4.9985,0.67641859,4352000.0,4322000.0,2.213648,0.40087633,4354000.0,4321000.0,6.43372932,0.77658266
2018-12-05 16:48:41,264, 1543996120000,4332000.0,0.01389972,ASK,-125000.0,4457000.0,1543996120000002,1543996120457,4333000.0,999999999999,4332000.0,999999999999,16.1678113,7.47004198,4333000.0,4332000.0,1.36102651,1.12970953,4335000.0,4331000.0,0.03454418,0.16468127,4340000.0,4330000.0,0.01124225,0.18390006,4344000.0,4329000.0,0.35919104,0.14257515,4345000.0,4327000.0,0.098,0.07189567,4350000.0,4325000.0,0.35793,1.9119973,4351000.0,4324000.0,4.9985,1.99758799,4352000.0,4323000.0,2.213648,0.67641859,4354000.0,4322000.0,6.43372932,0.40087633,4355000.0,4321000.0,0.3,0.79040009
2018-12-05 16:48:42,386, 1543996121000,4332000.0,0.57926287,BID,-125000.0,4457000.0,1543996121000005,1543996122211,4331000.0,999999999999,4323000.0,999999999999,10.5753424,13.99404097,4331000.0,4323000.0,0.1,0.67641859,4332000.0,4322000.0,1.06748237,0.40087633,4333000.0,4321000.0,1.33480456,0.79040009,4335000.0,4320000.0,0.03454418,3.02569902,4340000.0,4319000.0,0.01124225,0.05976338,4344000.0,4318000.0,0.35919104,1.00852016,4345000.0,4317000.0,0.098,5.001,4350000.0,4316000.0,0.35793,0.99835704,4351000.0,4315000.0,4.9985,0.43234027,4352000.0,4314000.0,2.213648,1.60066609
2018-12-05 16:48:43,718, 1543996123000,4321000.0,0.15416642,ASK,-136000.0,4457000.0,1543996123000001,1543996122996,4331000.0,999999999999,4321000.0,999999999999,9.0905944,14.47178833,4331000.0,4321000.0,1.5289,0.62769501,4332000.0,4320000.0,1.06748237,3.02569902,4333000.0,4319000.0,0.43480456,0.05976338,4335000.0,4318000.0,0.03454418,1.00852016,4340000.0,4317000.0,0.01124225,5.001,4341000.0,4316000.0,0.2,0.99835704,4344000.0,4315000.0,0.35919104,0.43234027,4345000.0,4314000.0,0.098,1.60066609,4350000.0,4312000.0,0.35793,0.36752652,4351000.0,4311000.0,4.9985,1.35022084
2018-12-05 16:48:44,833, 1543996123000,4321000.0,0.15416642,ASK,-136000.0,4457000.0,1543996123000001,1543996124356,4330000.0,999999999999,4321000.0,999999999999,4.42716618,14.47178833,4330000.0,4321000.0,1.4289,0.62769501,4331000.0,4320000.0,0.99289829,3.02569902,4332000.0,4319000.0,0.85748237,0.05976338,4333000.0,4318000.0,0.08697805,1.00852016,4335000.0,4317000.0,0.03454418,5.001,4340000.0,4316000.0,0.01124225,0.99835704,4341000.0,4315000.0,0.2,0.43234027,4344000.0,4314000.0,0.35919104,1.60066609,4345000.0,4312000.0,0.098,0.36752652,4350000.0,4311000.0,0.35793,1.35022084
2018-12-05 16:48:45,942, 1543996125000,4329000.0,0.00565452,BID,-128000.0,4457000.0,1543996125000001,1543996125664,4329000.0,999999999999,4321000.0,999999999999,4.06458166,14.26178833,4329000.0,4321000.0,0.52324548,0.41769501,4330000.0,4320000.0,0.9,3.02569902,4331000.0,4319000.0,0.99289829,0.05976338,4332000.0,4318000.0,0.85748237,1.00852016,4333000.0,4317000.0,0.08697805,5.001,4334000.0,4316000.0,0.099,0.99835704,4335000.0,4315000.0,0.03454418,0.43234027,4340000.0,4314000.0,0.01124225,1.60066609,4341000.0,4312000.0,0.2,0.36752652,4344000.0,4311000.0,0.35919104,1.35022084
2018-12-05 16:48:47,056, 1543996126000,4329000.0,0.011,BID,-128000.0,4457000.0,1543996126000002,1543996126343,4329000.0,999999999999,4321000.0,999999999999,4.16258166,14.26178833,4329000.0,4321000.0,0.52324548,0.41769501,4330000.0,4320000.0,0.9,3.02569902,4331000.0,4319000.0,0.99289829,0.05976338,4332000.0,4318000.0,0.85748237,1.00852016,4333000.0,4317000.0,0.08697805,5.001,4334000.0,4316000.0,0.099,0.99835704,4335000.0,4315000.0,0.03454418,0.43234027,4340000.0,4314000.0,0.21124225,1.60066609,4344000.0,4312000.0,0.35919104,0.36752652,4345000.0,4311000.0,0.098,1.35022084
2018-12-05 16:48:48,326, 1543996127000,4321000.0,0.34,ASK,-136000.0,4457000.0,1543996127000000,1543996128252,4328000.0,999999999999,4321000.0,999999999999,4.07125943,21.56451661,4328000.0,4321000.0,0.9,5.92042329,4329000.0,4320000.0,0.50924548,3.02569902,4330000.0,4319000.0,0.9,0.05976338,4331000.0,4318000.0,0.09289829,1.00852016,4332000.0,4317000.0,0.85748237,5.001,4334000.0,4316000.0,0.099,0.99835704,4340000.0,4315000.0,0.21124225,2.23234027,4344000.0,4314000.0,0.35919104,1.60066609,4345000.0,4312000.0,0.098,0.36752652,4347000.0,4311000.0,0.0442,1.35022084
2018-12-05 16:48:49,443, 1543996128000,4321000.0,0.90329349,ASK,-136000.0,4457000.0,1543996128000006,1543996128826,4328000.0,999999999999,4321000.0,999999999999,4.07125943,20.58451661,4328000.0,4321000.0,0.9,4.94042329,4329000.0,4320000.0,0.50924548,3.02569902,4330000.0,4319000.0,0.9,0.05976338,4331000.0,4318000.0,0.09289829,1.00852016,4332000.0,4317000.0,0.85748237,5.001,4334000.0,4316000.0,0.099,0.99835704,4340000.0,4315000.0,0.21124225,2.23234027,4344000.0,4314000.0,0.35919104,1.60066609,4345000.0,4312000.0,0.098,0.36752652,4347000.0,4311000.0,0.0442,1.35022084
2018-12-05 16:48:50,565, 1543996130000,4327000.0,0.02316312,BID,-130000.0,4457000.0,1543996130000000,1543996129842,4327000.0,999999999999,4321000.0,999999999999,4.23904395,20.50091832,4327000.0,4321000.0,1.4191,4.856825,4328000.0,4320000.0,0.9,3.02569902,4331000.0,4319000.0,0.09289829,0.05976338,4332000.0,4318000.0,0.85748237,1.00852016,4334000.0,4317000.0,0.099,5.001,4340000.0,4316000.0,0.01124225,0.99835704,4344000.0,4315000.0,0.35919104,2.23234027,4345000.0,4314000.0,0.098,1.60066609,4347000.0,4312000.0,0.0442,0.36752652,4350000.0,4311000.0,0.35793,1.35022084
2018-12-05 16:48:51,685, 1543996131000,4326000.0,0.110587,BID,-131000.0,4457000.0,1543996131000000,1543996130543,4327000.0,999999999999,4321000.0,999999999999,8.65722121,20.50091832,4327000.0,4321000.0,0.93677726,4.856825,4328000.0,4320000.0,0.9,3.02569902,4331000.0,4319000.0,0.09289829,0.05976338,4332000.0,4318000.0,0.85748237,1.00852016,4334000.0,4317000.0,0.099,5.001,4340000.0,4316000.0,0.01124225,0.99835704,4344000.0,4315000.0,0.35919104,2.23234027,4347000.0,4314000.0,0.0442,1.60066609,4350000.0,4312000.0,0.35793,0.36752652,4351000.0,4311000.0,4.9985,1.35022084
2018-12-05 16:48:52,805, 1543996132000,4327000.0,0.41767726,BID,-130000.0,4457000.0,1543996132000000,1543996132251,4327000.0,999999999999,4322000.0,999999999999,8.65722121,19.34088132,4327000.0,4322000.0,0.93677726,0.2199045,4328000.0,4321000.0,0.9,4.82682638,4331000.0,4320000.0,0.09289829,3.02569902,4332000.0,4319000.0,0.85748237,0.05976338,4334000.0,4318000.0,0.099,1.00852016,4340000.0,4317000.0,0.01124225,5.001,4344000.0,4316000.0,0.35919104,0.99835704,4347000.0,4315000.0,0.0442,2.23261823,4350000.0,4314000.0,0.35793,1.60066609,4351000.0,4312000.0,4.9985,0.36752652
